3000 4817
497 24 646 74 liberi
687 27 926 88 connexi,
967 28 1020 77 id
1057 37 1139 79 est
1175 31 1412 94 genitura
1454 33 1545 82 de·

496 100 655 151 vincti
676 109 734 151 et
754 102 1046 153 Naturales.
1111 106 1275 156 Addit
1294 108 1545 158 rationem

497 174 683 238 Po'eta,
704 176 822 226 dum
843 180 915 227 ait
932 194 948 227 ε
968 181 985 207 ‘
1007 180 1172 230 Natos
1188 185 1442 246 genuisse,
1457 198 1543 233 ne·

493 263 637 299 essse
670 257 772 313 est,
805 250 878 301 At
900 254 1079 316 legisse
1095 256 1283 318 juvat.'
1348 258 1539 307 Mirum

493 333 577 374 est
599 324 712 374 bac
738 326 896 377 verba
916 327 1105 391 fugisse
1125 346 1338 381 acumen
1361 333 1541 383 calde-

491 399 610 455 rini,
630 400 717 464 qul
739 402 850 451 imo
873 402 948 452 ita
965 405 1219 466 explicat:
1243 411 1259 435 ⁸
1277 407 1433 457 Filios
1451 422 1539 471 ge-

492 476 630 524 nitos
663 478 949 528 necessario
986 479 1228 530 babemus
1255 483 1536 545 amando„

488 566 613 615 quos
655 562 829 602 autem
872 556 1121 619 eligimus,
1146 558 1199 607 in
1238 557 1537 624 adoptione,

489 624 543 674 bl
567 634 685 676 sunt
707 643 836 692 quos
867 639 1049 693 sponte
1081 640 1138 682 et
1175 634 1535 686 benevolentia

487 702 910 765 complectimur?
942 705 1170 757 Aberrat
1183 709 1418 773 largiter,
1435 725 1533 761 nec

487 777 656 838 tangit
685 786 905 829 mentem
936 781 1109 833 Statii.
1172 784 1377 833 Falsum
1396 786 1532 835 enim

485 859 567 901 cst
601 868 694 903 nos
730 857 1022 908 necessario
1053 874 1225 911 amare
1255 862 1442 912 liberos
1464 877 1531 912 ex

485 927 632 976 nobis
667 937 834 992 natos,
868 932 968 982 imo
1000 943 1185 985 contra
1216 951 1357 1000 sepe
1387 936 1449 986 fit
1472 944 1532 987 ut

483 1016 572 1052 cos
594 1005 756 1056 minus
778 1007 1068 1072 diligamns,
1098 1021 1153 1061 et
1177 1013 1275 1063 boc
1309 1015 1529 1064 intendit

484 1077 650 1129 Poeta
670 1082 753 1132 bic
777 1084 1009 1147 probare.
1055 1086 1207 1136 Dicit
1218 1088 1393 1153 itaque
1420 1088 1527 1139 Ne-

480 1155 759 1204 cessarium
807 1159 926 1223 quid
973 1167 1030 1211 et
1068 1161 1289 1213 ἆκούσιων
1315 1179 1440 1213 esse
1473 1164 1526 1215 in

478 1226 830 1281 Generatione
850 1234 1141 1299 liberorum,
1161 1237 1212 1287 id
1232 1245 1311 1289 est
1331 1239 1384 1288 in
1407 1253 1524 1289 nos-

474 1307 558 1352 tra
594 1312 856 1368 potestate
877 1325 976 1360 non
1001 1326 1112 1363 esse
1136 1321 1194 1364 ut
1215 1317 1346 1366 tales
1368 1331 1523 1380 gene-

476 1392 662 1442 remus,
705 1384 880 1447 quales
922 1401 1037 1437 esse
1071 1396 1326 1453 optamus,
1361 1399 1523 1459 atque

475 1453 594 1504 binc
615 1454 696 1519 fit,
722 1465 780 1508 ut
801 1461 998 1524 genitos
1036 1464 1203 1515 minus
1233 1466 1521 1535 diligamus,

476 1531 616 1594 quia,
655 1539 710 1583 ut
754 1534 883 1599 dixi,
922 1552 1025 1588 nou
1066 1540 1194 1599 tales
1248 1543 1522 1609 gignimus,

474 1609 652 1670 quales
666 1616 916 1674 optamus.
951 1615 1142 1665 Contra
1154 1620 1332 1668 veroin
1345 1620 1520 1685 Adop-

477 1683 675 1733 tatione
698 1686 911 1737 ἑκούσιον
930 1690 1053 1754 quid
1074 1698 1170 1756 est,
1191 1700 1248 1743 et
1270 1709 1361 1757 pro
1385 1696 1518 1745 arbi-

474 1754 575 1805 trio
591 1768 767 1809 nostro
784 1760 1059 1814 formamus
1075 1767 1223 1817 nobis
1240 1770 1370 1819 tales
1389 1769 1517 1820 libe-

473 1844 555 1879 ros
576 1835 752 1896 quales
772 1838 1019 1901 volumus,
1043 1849 1099 1890 et
1123 1844 1336 1905 proinde
1356 1847 1517 1910 magis

469 1904 586 1955 illos
619 1922 858 1961 amamus.
921 1914 991 1961 Et
1027 1915 1124 1966 hoc
1159 1926 1240 1967 est
1273 1919 1408 1983 quod
1442 1922 1519 1971 ait

468 1979 643 2029 valer.
666 1982 810 2033 Mu.
832 1986 848 2011 ‘
865 1985 1114 2050 Genitos,’
1151 1991 1340 2056 inquit,
1362 1997 1378 2023 ‘
1399 2010 1517 2045 uas-

464 2056 616 2103 eendi
637 2070 763 2117 sors,
782 2057 1049 2112 fortuitum
1072 2080 1217 2129 opus,
1236 2067 1513 2134 adoptatos

466 2141 587 2178 vero
610 2139 665 2180 et
680 2131 922 2194 adscitos,
940 2139 1335 2208 uuiuscujusque
1347 2148 1514 2199 solido

454 2204 651 2269 judicio
685 2208 921 2262 incoacta
962 2217 1195 2268 voluntas
1238 2221 1514 2285 producit.²

459 2280 548 2331 Sic
570 2282 708 2333 Plin.
730 2285 782 2334 in
804 2286 1062 2356 Panegyr.
1086 2296 1170 2345 ubi
1203 2295 1270 2347 de
1289 2299 1509 2363 Trajauo

459 2371 491 2406 a
529 2357 706 2411 Nerva
725 2362 860 2429 Imp.
882 2367 1132 2434 adoptato
1152 2374 1291 2438 agita
1325 2382 1381 2426 et
1402 2378 1507 2428 Ha-

460 2434 672 2487 drianus
693 2441 984 2503 sapientias.
1006 2446 1253 2511 Imperat.
1280 2451 1332 2500 in
1371 2452 1503 2503 Ora·

458 2512 602 2563 tione
642 2529 790 2580 quam
817 2519 931 2581 jam
963 2531 1184 2586 egrotus
1216 2527 1392 2578 babuit
1434 2530 1502 2581 ad

455 2585 716 2642 Senatum.
782 2593 851 2642 Et
872 2593 1129 2648 Ausonius
1151 2601 1217 2650 de
1239 2601 1501 2655 Antonino

456 2662 557 2712 Pio
577 2665 642 2713 ab
678 2667 943 2721 Hadriano
978 2675 1253 2739 adoptato:
1287 2680 1303 2709 ⁸
1328 2681 1501 2733 Orbus

455 2743 511 2787 et
551 2738 652 2803 hic,
690 2744 955 2811 sociatque
992 2750 1154 2801 virum
1191 2750 1502 2808 documenta

451 2811 709 2880 daturum,
740 2817 944 2872 Adsciti
965 2834 1207 2888 quantum
1232 2833 1500 2893 premine-

453 2896 544 2940 ant
568 2893 794 2953 genitis?
836 2896 1004 2948 Porro
1024 2905 1267 2965 opposuit
1286 2905 1367 2955 bic
1382 2908 1498 2958 Sta·

452 2967 556 3016 tius
579 2968 665 3017 illa
677 2967 810 3018 duo:
833 2986 1012 3023 necesse
1031 2982 1119 3033 est,
1142 2981 1364 3041 etjamt.
1413 2984 1501 3035 Ita

449 3048 511 3091 nt
556 3042 614 3091 τὸ
648 3058 826 3095 accuse
854 3053 927 3104 sse
964 3049 1046 3099 hic
1079 3050 1216 3102 idem
1254 3055 1321 3106 sit
1361 3061 1496 3122 quod

448 3116 684 3182 ἐπιούσιον,
715 3129 770 3170 et
801 3122 940 3187 quod
957 3124 1010 3173 in
1033 3134 1212 3179 nostra
1237 3138 1496 3195 potestate

442 3193 600 3243 situm
624 3209 724 3245 uon
747 3206 859 3247 estt
881 3198 1090 3260 vij-m
1112 3219 1250 3265 vero.
1271 3207 1501 3278 emaum,

441 3276 498 3318 et
520 3271 656 3331 quod
677 3282 861 3334 sponte
882 3292 913 3325 a
932 3277 1078 3328 nobis
1098 3279 1178 3331 fit.
1229 3282 1315 3334 Ita
1337 3287 1493 3337 etiam

439 3344 679 3393 Lucanus
698 3347 887 3401 libau.
907 3351 1087 3403 eadem
1112 3361 1373 3423 opposuit,
1405 3362 1492 3413 ubi

436 3416 672 3479 inquirit,
693 3419 831 3471 unde
856 3429 1049 3474 tantam
1066 3428 1165 3477 vim
1177 3430 1364 3483 babeat
1382 3450 1489 3492 ma-

1621 0 1763 13 vvnvv
1783 0 1865 15 vua·
1887 0 1970 17 “u
1991 0 2147 32 :ERV-B
2164 0 2177 19 ἱ

2258 0 2515 31 nummus
2533 0 2679 48 vcro,

1619 42 1705 92 ubi
1750 45 1815 93 de
1842 45 2072 111 Trajauo
2106 52 2219 114 agit
2256 69 2287 102 a
2322 58 2497 109 Nerva
2531 61 2674 126 Imp.

1618 120 1883 181 adoptato,
1906 125 2077 173 omnia
2100 127 2251 176 Statii
2276 133 2432 182 verba
2453 150 2674 199 expres-

1615 194 1683 243 sit
1702 212 1727 243 ι·
1770 196 1966 247 ‘Nulla
2010 201 2119 249 viro
2164 203 2390 255 soboles:
2428 209 2676 263 imitatus·

1615 268 1825 332 adoptio
1851 274 2072 334 prolem,
2094 278 2257 327 Quam
2278 280 2455 343 legisse
2482 286 2667 352 juvet,

1612 358 1761 407 quam
1781 349 2019 409 genuisse
2042 352 2201 402 velit.'
2237 356 2426 406 Geuurt.

1672 425 1731 470 91
1760 423 1985 490 Phoeaix]
2004 424 2292 481 Amintoris
2307 432 2455 498 filius,
2464 439 2657 489 utscri·

1611 494 1689 543 bit
1710 496 1997 550 Homerus:
2032 516 2149 552 cum
2171 506 2420 559 suadente
2440 524 2656 562 noverea

1608 583 1716 620 rem
1737 574 1993 625 habuisset
2008 592 2126 627 cum
2162 583 2325 644 patris
2362 588 2659 649 concubina,

1606 649 1849 710 expulsus
1892 652 1959 700 ad
2001 653 2217 705 Peleum
2262 658 2529 723 confugit:
2578 663 2658 713 ubi

1605 721 1830 784 bospitio
1852 735 2145 791 susceptus,
2175 730 2399 783 Achillis
2434 737 2661 788 educati-

1604 796 1691 845 oni
1722 796 1874 848 datus
1906 809 1988 851 est
2017 806 2262 869 magister
2296 815 2352 859 et
2384 814 2575 875 agendi
2605 823 2659 864 et

1603 873 1848 937 loquendi
1866 891 1881 924 τ
1903 878 2043 942 quod
2057 881 2243 933 Fabius
2260 886 2470 949 repetit.
2502 889 2653 938 Pboe-

1603 949 1691 998 nix
1716 950 1839 1001 item
1864 952 2124 1019 Agenoris
2146 967 2315 1025 pater,
2344 964 2429 1027 qui
2468 979 2648 1016 nomen

1604 1023 1886 1078 Phoenicia
1940 1031 2100 1083 dedit.
2182 1035 2402 1086 Pboenix
2454 1037 2649 1103 fluvius,

1602 1107 1813 1152 auctore
1830 1104 2114 1171 Herodoto,
2136 1111 2221 1175 qui
2237 1112 2427 1162 labitur
2443 1129 2473 1163 a
2491 1116 2643 1165 'Iber-

1599 1179 1821 1241 mopylis
1842 1180 1890 1228 in
1916 1181 2156 1243 Asopum.
2219 1185 2441 1235 Pboenix
2475 1202 2635 1251 mons,

1600 1258 1658 1300 ut
1677 1253 1750 1302 ait
1767 1255 1965 1306 Strabo.
2005 1257 2260 1308 maiitiam

1657 1331 1718 1377 94
1775 1330 1979 1392 Ceu-que
2010 1335 2174 1394 procul
2212 1335 2410 1400 Dyds's]
2451 1338 2628 1409 Dana&

1597 1399 1772 1450 Acrisii
1794 1402 1895 1452 filia
1916 1405 1967 1453 iu
1989 1420 2131 1456 mare
2154 1412 2391 1473 projecta
2414 1423 2506 1477 est,
2523 1429 2627 1465 una

1594 1490 1706 1525 cum
1724 1478 1911 1527 Perseo
1930 1479 2035 1530 filio
2051 1496 2175 1533 area
2191 1486 2396 1538 clausa:
2431 1491 2619 1553 Dyetis

1594 1556 1818 1619 piscator
1845 1558 2110 1623 Seriphius
2140 1564 2338 1614 retibus
2361 1582 2519 1616 aream
2538 1581 2622 1618 ee·

1591 1631 1690 1693 pit,
1731 1632 2034 1699 domumque
2067 1639 2268 1702 retulit,
2305 1648 2362 1692 et
2395 1642 2628 1695 educavit

1590 1706 1861 1770 Perseum,
1879 1711 2173 1774 Gorgonem
2193 1715 2433 1780 Scripbiis
2453 1720 2536 1783 qui
2549 1734 2628 1768 os·

1590 1780 1779 1846 tendit,
1800 1791 1856 1833 et
1874 1784 1927 1833 in
1949 1786 2173 1848 lapidem
2193 1790 2362 1851 vertit,
2382 1793 2432 1841 iu
2454 1794 2624 1843 matris

1588 1855 1833 1906 ultionem
1857 1871 1873 1904 ε
1906 1874 2058 1923 qnam
2090 1862 2299 1913 invitam
2328 1865 2388 1914 ad
2421 1868 2623 1929 nuptias

1588 1929 1801 1993 adigere
1824 1935 1986 1984 voluit
2012 1937 2316 2001 Polydectes
2336 1954 2437 1989 rex.
2487 1942 2615 2005 Jup-

1589 2006 1743 2069 piter,
1764 2007 1930 2073 inquit
1963 2010 2227 2075 Papinius,
2262 2022 2406 2078 pater
2436 2016 2607 2064 Persei

1584 2080 1741 2132 filium
1764 2085 2143 2146 periclitantem
2176 2091 2485 2155 neglexeratz
2518 2090 2606 2140 sed

1585 2158 1770 2223 Dyctis
1801 2175 1917 2209 enm
1951 2165 2179 2213 servavit
2209 2174 2265 2215 et
2292 2165 2431 2215 fovit.
2490 2166 2613 2216 Plas

1584 2246 1710 2298 ergo
1730 2238 1921 2287 amavit
1938 2237 2022 2302 qui
2046 2253 2163 2290 eum
2187 2242 2318 2292 aluit
2329 2256 2475 2306 qnam
2495 2242 2618 2306 Jup-

1584 2311 1722 2374 piter
1743 2312 1828 2376 qui
1855 2322 2123 2376 genuerat.
2162 2316 2314 2367 Ide-t.

1643 2390 1707 2435 98
1742 2388 2024 2451 Raptatus
2041 2393 2252 2456 pectore]
2284 2393 2349 2444 In
2371 2396 2609 2457 amplexu.

1578 2462 1770 2526 wius]
1807 2464 1938 2513 Nam
1958 2466 2287 2527 periclitatus
2303 2478 2381 2517 est
2401 2468 2449 2515 in
2473 2476 2611 2517 utero

1576 2538 1755 2589 matris
1770 2538 2182 2604 conflagratione.
2213 2543 2392 2592 Dos-'t-

1642 2618 1737 2663 loo
1787 2615 1987 2680 Aecum]
2052 2610 2189 2668 Duas
2242 2618 2405 2668 Accsa
2456 2617 2609 2668 fuisse

1573 2692 1841 2742 scribunte
1874 2695 2111 2755 alteram,
2142 2703 2364 2746 amatam
2384 2694 2461 2745 'ab
2483 2694 2613 2745 Het-

1576 2766 1708 2828 cule,
1760 2766 1909 2830 cujus
1949 2770 2180 2820 meminit
2224 2773 2529 2822 Plutarchus
2568 2773 2617 2821 in

1577 2840 1946 2903 questionibus
1972 2858 1987 2891 ε
2056 2843 2307 2906 alteram,
2378 2848 2622 2896 nutricem

1576 2914 1800 2978 Romuli,
1849 2917 2083 2968 Faustuli
2125 2924 2373 2982 pastoris,
2402 2938 2619 2974 uxorem.

1575 2989 1723 3052 Have,
1757 3000 1816 3041 ut
1848 2991 2033 3043 Antias
2065 2996 2260 3048 scribit
2282 3006 2493 3049 auctore
2509 2999 2621 3049 Gel-

1573 3066 1661 3129 llo,
1710 3069 1957 3130 grandem
2011 3075 2294 3134 pecuniam
2344 3076 2621 3127 meretricie

1572 3149 1771 3204 questu
1794 3144 2143 3207 comparavit:
2188 3149 2344 3212 cujus
2374 3150 2611 3199 herede-

1572 3215 1789 3266 moriens
1811 3217 2081 3269 Romulum
2103 3224 2346 3287 serIpsit.
2407 3226 2503 3275 Alii
2517 3237 2610 3273 usn

1571 3291 1857 3349 Romulum,
1880 3293 1991 3343 sed
2038 3298 2297 3358 populum
2353 3302 2608 3351 Romanum

1567 3365 1824 3415 haeredem
1868 3368 2165 3418 institutum
2225 3373 2394 3425 aiunt.
2455 3371 2617 3422 Addit.

1565 3440 1881 3503 Massurius,‘
1903 3442 2031 3492 banc
2071 3443 2328 3499 babuisse
2356 3446 2615 3500 duodecin

435 3490 537 3551 gia,
559 3497 617 3538 ut
639 3492 795 3541 etism
818 3496 957 3547 Deos
986 3498 1161 3552 futura
1195 3506 1485 3568 praedicere
1560 3514 1765 3579 liberos,
1798 3530 1865 3567 ex
1899 3517 2080 3582 quibu·
2100 3531 2211 3569 nno
2251 3526 2492 3579 extincto
2520 3526 2623 3578 Bo-
