3000 4817
343 0 402 13 vt
425 0 664 13 ,Ἄπι-..Ἂν
689 0 873 11 vav-vv
889 0 1046 24 -v'uv
1070 0 1253 9 ----—v

342 53 497 88 mone
535 38 751 97 dociles,
789 43 1047 99 praeterea
1082 35 1397 84 meditantes

341 115 397 165 in
420 114 578 176 diem,
616 120 674 162 et
701 112 904 162 assidue
944 125 1077 160 nova
1109 112 1400 174 loquentes,

339 189 576 252 longiore
615 188 770 238 etiam
824 194 1094 247 contextu,
1140 185 1400 248 habuisse,

338 266 527 315 author
553 264 756 315 Plinius
785 262 875 313 lib.
912 278 963 313 x.
999 276 1118 326 cap.
1151 266 1236 311 42.
1271 262 1395 311 Ber-

337 344 466 390 nm.

399 421 466 465 20
503 415 694 479 Quique
713 414 859 473 refert
880 414 1095 475 jungens
1114 415 1291 463 iterata
1313 429 1393 463 co·

336 491 500 541 cabulo
517 490 714 555 perdix]
746 492 932 541 Dicam
957 491 1179 554 Papinio
1213 492 1395 541 scribit

338 569 420 616 vir
441 566 648 628 doctus,
671 565 811 629 quod
831 566 1027 616 dociles
1049 568 1280 616 humane
1306 582 1393 616 vo·

338 644 417 692 cis
454 643 700 692 Perdices
734 641 941 690 tradat:
977 648 1034 691 at
1053 656 1196 701 vero,
1223 644 1393 691 calcu-

336 719 420 768 lus
443 719 604 768 omnia
627 719 727 767 hue
751 726 806 767 et
838 718 964 767 illuc
997 716 1226 767 diversus
1251 718 1391 767 bico-

336 795 521 858 lorque
543 794 825 857 digeratur,
843 794 1018 843 vincet
1048 794 1271 843 candida
1289 805 1391 844 tur-

336 874 406 923 ba
446 875 722 938 nigriorem
745 889 759 922 ε
806 873 1068 922 enimvero
1111 878 1171 922 ut
1213 873 1389 921 sileam

337 948 524 998 referri
560 963 706 1013 posse
741 947 807 997 ad
847 948 1122 1012 genuinam
1146 948 1256 997 avis
1277 949 1391 1011 ejus

337 1039 519 1075 vocem
540 1023 860 1087 munirent,
880 1023 947 1073 de
961 1039 1062 1088 qua
1074 1023 1391 1074 Aristoteles

344 1102 558 1165 aliique,
603 1102 910 1151 Plutarchus
950 1102 1002 1149 in
1042 1102 1392 1165 Symposiacis

337 1183 523 1226 exerte
566 1176 726 1226 tradit
761 1176 963 1226 vocales
1004 1175 1286 1240 aliquando
1319 1176 1391 1225 in·

334 1261 518 1302 ventas
561 1252 823 1317 perdices:
878 1252 964 1302 cui
1007 1259 1064 1301 et
1111 1253 1392 1302 assentitur

336 1327 619 1379 meamus
642 1328 1036 1392 Dipnosoplilst.
1059 1328 1150 1375 lib.
1168 1339 1249 1376 tx.
1266 1327 1392 1375 acri·

335 1404 465 1453 bens
482 1405 686 1468 signate
703 1403 987 1454 Adrianum
1011 1401 1389 1452 Aristomenem

334 1477 724 1542 Atheniensem,
762 1479 1004 1528 libertum
1042 1492 1207 1535 sutum,
1246 1484 1388 1526 vete-

332 1552 407 1600 ris
427 1553 694 1603 comoedioe
726 1553 1050 1613 histrionem,
1072 1552 1280 1601 solitum
1305 1568 1389 1602 vo·

331 1639 455 1675 care
478 1627 706 1676 Atticam
731 1625 1016 1687 perdicem.
1048 1624 1198 1674 Iden.

398 1704 463 1749 21
502 1701 574 1748 Et
605 1714 710 1761 qua·
752 1699 974 1750 Bistonio
1009 1702 1223 1763 queritur
1256 1715 1389 1751 aoros·

329 1775 449 1825 orba
479 1774 653 1837 cubili]
689 1775 918 1839 Prognes
952 1774 1177 1825 fabulam
1215 1779 1385 1828 notari

331 1851 528 1900 nemini
560 1851 769 1900 dubium
804 1864 919 1899 esse
956 1859 1162 1914 potest3
1195 1853 1290 1902 nisi
1319 1855 1387 1905 sit

333 1940 402 1974 ex
437 1926 500 1975 iis
521 1926 609 1990 qni
631 1925 697 1975 ad
719 1926 908 1989 primos
926 1926 1091 1978 adhuc
1112 1930 1386 1993 magistros

330 2001 660 2051 remittendi:
696 2009 748 2051 at
769 2001 892 2066 quid
910 2004 1071 2066 magis
1087 2003 1385 2067 absin-dum,

329 2078 592 2142 inquiunt,
606 2093 754 2143 quam
768 2079 1115 2141 hirundinem,
1127 2081 1261 2144 quod
1282 2082 1383 2130 Pa·

328 2154 500 2218 piniua
523 2153 666 2216 facit,
685 2155 825 2204 inter
847 2157 1052 2205 vocales
1078 2171 1198 2205 aves
1220 2155 1383 2206 refer-

328 2228 429 2278 te?
464 2228 614 2279 Bona
650 2228 829 2290 verba,
867 2229 988 2278 boni
1027 2232 1156 2280 viri:
1193 2234 1384 2281 scimus

328 2305 610 2369 plerosque
626 2304 848 2365 tradere,
861 2304 1114 2369 Prognem
1138 2307 1188 2354 in
1213 2307 1383 2355 hirun-

325 2381 507 2429 dinem
533 2379 964 2442 transformatam3
982 2390 1214 2432 ceterum
1232 2383 1384 2432 aliter

327 2456 528 2518 Graeci,
563 2457 651 2520 qui
693 2457 744 2505 in
794 2457 1087 2507 Lusciniam
1134 2466 1382 2509 niutatam

331 2530 564 2581 tradunt.
629 2530 833 2580 Probus
858 2532 1092 2582 videatur
1126 2533 1191 2582 ad
1213 2535 1383 2584 Buco-

325 2608 431 2656 lica
448 2608 674 2670 Virgilii,
697 2614 752 2658 et
775 2615 924 2657 vetus
947 2609 1163 2658 Hesiodi
1186 2611 1380 2660 Scholi-

323 2690 481 2732 astes.
526 2683 594 2732 de
638 2684 896 2733 Luscinia
946 2698 1072 2733 vero
1117 2686 1383 2736 docilitate

321 2773 430 2808 non
453 2766 634 2823 repeto
650 2774 713 2809 ea
733 2776 851 2825 quae
874 2775 942 2810 ex
963 2762 1137 2811 Plinio
1160 2777 1251 2812 ano
1267 2763 1382 2813 loco

321 2834 536 2883 notavi:
565 2836 686 2897 quin
709 2842 765 2885 et
792 2836 911 2886 huic
947 2837 1217 2887 sententiar
1243 2839 1381 2887 vide-

321 2918 412 2958 tur
425 2910 1072 2976 astipulariOvidius,dum
1097 2914 1202 2962 ait:
1229 2916 1244 2942 ⁴
1260 2916 1383 2965 Sola

317 2982 488 3032 virum
510 2999 611 3034 uon
634 2986 743 3035 ulta
769 2986 851 3049 pie
874 2988 1198 3038 moestissima
1220 2999 1385 3040 mater

319 3058 570 3107 Concinit
583 3059 853 3111 Ismarium
867 3063 1087 3112 Daulias
1098 3065 1204 3114 ales
1220 3066 1381 3129 Ityn!

318 3135 562 3186 Ber-nort.

383 3215 453 3261 28
487 3211 597 3259 Nec
629 3226 742 3273 qm
780 3214 992 3264 humenti
1016 3216 1258 3280 Numidoe,
1277 3217 1383 3282 ξω]

315 3291 523 3341 Eadem
548 3288 684 3337 dixit
707 3290 824 3341 Kal.
841 3293 1128 3342 Decembr.
1194 3296 1210 3323 ⁸
1237 3295 1381 3345 Quas

313 3368 419 3417 ndo
445 3365 696 3414 Numidae
719 3367 900 3429 legunt
921 3368 1016 3417 sub
1040 3368 1271 3419 Austro!
1293 3370 1381 3419 ln-

312 3441 511 3504 telligit
529 3446 706 3488 autem
725 3441 921 3491 Statius
945 3442 1174 3492 Gallinas
1199 3444 1382 3494 Numi-

309 3517 480 3575 dicas,
497 3530 620 3578 quae
642 3514 796 3564 etiam
831 3517 1179 3578 Meleagrides
1202 3520 1381 3579 appel.

300 3593 506 3655 lentur,
527 3598 670 3641 testo
684 3590 873 3645 Plinio.
894 3590 1198 3646 Petronius:
1221 3599 1234 3621 ¹
1253 3594 1381 3648 Gal.

1485 0 1521 7 -
1529 0 1681 9 ------

1539 36 1779 86 Canum.
1791 43 1822 87 2
1833 38 2015 101 Scelus]
2030 41 2283 89 Saeviendi
2297 42 2347 91 in
2362 41 2519 92 homi·

1472 125 1597 171 nes;
1620 127 1733 160 nam
1756 114 1858 174 leo,
1878 125 1936 161 nt
1956 114 2206 176 Polybius
2223 116 2522 167 AEmilianus

1471 186 1655 236 Cumas
1679 189 1907 251 dicebat,
1931 190 1981 237 in
2005 198 2213 240 senecta
2229 194 2520 254 praesertim

1469 262 1698 312 homines
1722 266 1941 328 appetit,
1966 279 2083 315 cum
2112 266 2249 315 feras
2282 270 2520 332 persequi

1470 350 1572 384 non
1594 339 1789 399 possit:
1825 341 1959 389 viros
1981 336 2160 403 potius'
2176 356 2325 406 quam
2355 342 2520 394 foemi-

1468 427 1578 471 nas,
1601 412 1853 465 infantem
1891 430 2143 480 nunquam
2167 418 2265 467 nisi
2299 418 2519 470 maxima

1465 489 1619 541 fame.
1683 491 1931 541 Testatur
1952 493 2108 555 idem,
2131 508 2188 543 se
2205 496 2391 543 multos
2413 495 2520 545 leo-

1465 578 1561 613 nes
1597 566 1869 616 crucifixos
1902 566 2093 618 vidisse
2126 568 2181 617 in
2223 568 2419 632 Africa,
2460 578 2522 622 ut

1466 641 1649 703 reliqui
1670 654 1731 690 eo
1755 645 2051 703 spectaculo
2073 657 2103 693 a
2123 644 2264 693 caede
2286 644 2519 696 deterre-

1467 726 1663 769 rentur.
1697 720 1956 769 Domitius.

1527 798 1557 841 5
1598 794 1666 841 Et
1682 809 1712 841 a
1726 800 1862 856 euplo
1869 795 1978 855 jum
1990 801 2154 858 sponte
2168 798 2380 847 recedere
2394 813 2521 860 pra·

1463 868 1551 931 da]
1604 868 1831 932 Quippe,
1870 877 1927 920 ut
1969 872 2097 921 alius
2143 871 2300 935 poeta
2339 874 2513 923 canit:

1464 948 1479 971 ⁸
1507 944 1838 1006 Magnanimo
1874 946 1995 996 satis
2033 954 2113 996 est
2146 948 2347 997 hostem
2396 964 2517 1012 pro-

1464 1027 1659 1068 strasse
1685 1021 1874 1069 Leoni-⁹
1926 1022 2115 1071 Contra
2140 1024 2189 1070 in
2210 1022 2516 1083 proverbiali

1465 1107 1618 1143 versu
1657 1094 1921 1146 Heroi’co:
1956 1098 2134 1159 Νεκροῦ
2162 1100 2298 1158 afim
2324 1096 2516 1147 λέοντος

1460 1168 1767 1234 ἐφυβρίζονσι
1799 1173 1991 1233 λαγωοί.
2033 1175 2112 1222 Vel
2136 1176 2264 1237 lepus
2298 1174 2514 1225 exanimo

1460 1251 1580 1297 solet
1601 1250 1828 1297 insultare
1849 1250 2012 1299 Leoni.
2045 1251 2250 1300 Morell.

1527 1327 1561 1371 8
1580 1324 1742 1384 Grege
1756 1324 2003 1389 Massylia]
2023 1325 2358 1374 Multitudine
2377 1326 2515 1375 Mas·

1462 1398 1709 1461 syllorum
1735 1410 2053 1450 venatorum.
2121 1402 2256 1451 Nam
2278 1402 2516 1464 Massylli

1462 1474 1643 1535 populi
1665 1473 1860 1523 Africae
1883 1476 1947 1522 ad
1980 1477 2303 1525 occidentem
2336 1478 2513 1532 leones

1459 1546 1603 1596 mirae
1620 1548 1985 1609 magnitudinis
2001 1550 2272 1599 venatione
2283 1552 2511 1612 capiunt.

1461 1621 1755 1673 Martialis:
1791 1622 2065 1685 {Massylli
2102 1625 2179 1673 leo
2202 1624 2339 1672 fama
2357 1625 2511 1688 jugi-³

1463 1698 1601 1747 Caco
1616 1700 1834 1762 deceptu
1847 1698 2004 1761 hictu]
2039 1699 2237 1759 Fovea3
2257 1714 2373 1748 nam
2393 1700 2516 1751 Gn.

1459 1773 1596 1823 tulus
1619 1773 1823 1839 quidam
1845 1775 1934 1839 (ut
1960 1773 2145 1824 scribit
2178 1774 2343 1838 Plin.)
2369 1782 2511 1825 veste

1459 1850 1665 1913 objecta
1685 1850 1737 1898 in
1759 1857 1918 1914 caput
1939 1852 2138 1900 leonem
2163 1849 2327 1901 foveis
2356 1850 2510 1900 factis

1457 1925 1721 1988 capiebat.
1755 1927 1879 1976 Fero
1883 1925 2127 1989 fugiente]
2162 1926 2410 1976 Nimirum
2428 1926 2511 1977 hie

1458 2008 1539 2049 est
1563 2000 1650 2049 ille
1667 2004 1767 2063 leo,
1780 2004 1864 2066 qui
1880 2004 2138 2052 laceratus
2159 2001 2258 2052 fuit
2277 2017 2305 2050 e
2325 2001 2513 2065 tigride

1459 2076 1512 2122 in
1547 2078 1856 2138 spectaculis
1894 2079 2209 2127 Domitiani:
2245 2093 2396 2142 quem
2434 2077 2510 2127 ln·

1467 2150 1671 2213 telligas
1725 2162 1939 2214 peracto
2006 2168 2177 2202 morsu
2232 2153 2511 2217 aufugisse.

1456 2224 1748 2274 Martialis:
1782 2228 1797 2253 ⁸
1825 2227 2075 2275 Lambere
2090 2229 2255 2277 securi
2272 2230 2507 2278 dextram

1458 2309 1707 2348 consueta
1725 2300 1952 2363 magistri
1973 2302 2161 2364 Tigris,
2183 2303 2247 2350 ab
2263 2304 2509 2365 Hyrcano

1460 2375 1623 2439 gloria
1655 2389 1769 2424 rara
1793 2376 1945 2437 jugo,
1965 2376 2115 2424 Saeva
2138 2374 2303 2424 ferum
2330 2378 2510 2440 rapido

1457 2455 1713 2503 laceravit
1734 2452 1890 2502 dente
1912 2453 2148 2501 leonem.'
2179 2452 2437 2503 Domitius.

1525 2533 1585 2577 1⁷
1618 2528 1710 2578 lue
1730 2543 1873 2577 novus
1901 2529 2074 2591 pudor]
2106 2528 2205 2576 Illa
2239 2529 2387 2592 tigris
2423 2543 2511 2579 no·

1457 2620 1578 2655 vum
1603 2613 1659 2654 et
1682 2604 1961 2654 inauditum
1985 2603 2228 2653 dedecus.
2260 2604 2411 2653 Idem.

1526 2686 1588 2731 18
1620 2681 1665 2730 A
1691 2682 1844 2730 niediu
1867 2680 1992 2740 jann,
2014 2678 2117 2742 ζα]
2152 2679 2384 2728 Collecta
2408 2678 2510 2727 vir-

1458 2765 1590 2815 tute,
1612 2758 1677 2806 ad
1703 2758 1948 2807 ultionem
1973 2762 2094 2804 ante
2118 2756 2330 2805 obitum.
2368 2755 2513 2804 Talia

1464 2834 1710 2897 leguntur
1740 2832 1843 2882 fine
1874 2832 2037 2881 Theb.
2064 2844 2183 2881 vtu.
2206 2831 2271 2880 de
2294 2832 2508 2895 Tydeog

1456 2925 1555 2960 nec
1578 2910 1829 2960 absimilia
1851 2909 1916 2957 de
1954 2908 2203 2957 Etheocle
2241 2908 2401 2957 Theb.
2427 2920 2507 2957 xt-

1457 2985 1641 3037 Berua.

1517 3066 1586 3112 22
1643 3063 1797 3113 Solito
1834 3062 2029 3126 honore]
2093 3059 2511 3126 Magnanimitati

1457 3153 1557 3189 non
1598 3136 1885 3187 sufficiente
1924 3151 2161 3199 corpore,
2198 3138 2290 3186 sed
2321 3136 2513 3185 sensim

1456 3214 1772 3272 collabente,
1792 3219 1848 3260 et
1878 3214 2125 3273 sanguine
2157 3210 2273 3261 fuso
2294 3210 2511 3261 formam
2584 3259 2596 3271 s

1459 3301 1724 3357 turpante.
1761 3290 1911 3339 Idem.

1521 3374 1587 3421 28
1622 3366 1871 3432 Scythicas
1890 3363 2050 3425 seras]
2098 3365 2306 3428 Scythia
2347 3380 2513 3429 pauca

1457 3445 1695 3497 animalia
1732 3441 1899 3505 gignit
1934 3440 2109 3502 iuopia
2141 3439 2425 3501 fructuum,
2453 3446 2511 3490 ut

1457 3521 1643 3572 scribit
1677 3518 1819 3568 Plin.
1854 3521 1911 3565 ut
1949 3513 2112 3576 Lybie
2147 3514 2322 3577 inopia
2353 3530 2512 3580 aqua.

1458 3612 1571 3650 rum
1600 3594 1830 3647 diversas
1862 3588 2021 3641 habet
2058 3587 2232 3649 seran
2288 3604 2405 3642 nam
2442 3590 2509 3642 ad
