3000 4817
375 365 407 411 r.
431 362 571 411 narrum
595 362 718 411 suanm
742 362 853 414 ιιιι.
877 364 948 413 ιιι.
965 364 1022 412 ιιι.
1042 348 1075 414 3.
1181 346 1268 416 1707

181 504 222 553 ιιι
236 502 341 568 spinter
351 504 443 553 AEdilis
454 503 553 553 Curulis
568 502 665 566 primus
679 502 706 553 in
743 504 825 555 virum
842 504 971 556 eruditum
987 504 1075 568 eredo,
1085 518 1136 554 non
1147 502 1269 556 habuisse

182 585 311 641 prutests
322 592 380 627 usus
391 578 594 643 improbabatur.
620 578 707 628 Verba
743 579 881 643 Paplnlnrn
892 582 980 629 oculus
996 581 1030 629 sd
1048 580 1152 643 luctum,
1170 580 1217 629 setl
1234 578 1268 629 ad

182 653 238 703 laec
250 654 347 718 accipit
358 654 458 704 Plinius
473 669 506 704 ex
522 653 627 717 Nepote
643 655 707 703 Cor·
744 656 875 705 solennem
900 658 964 705 Dera
986 656 1094 719 cultum,
1119 644 1194 721 sinam
1216 670 1267 707 nun

181 728 260 791 nellu,
280 731 323 794 qni
345 730 398 780 diri
425 730 538 794 Augusti
558 730 706 794 principem
745 736 798 779 tarn
818 730 851 779 sd
871 728 947 779 funus
966 737 1050 791 ruunt,
1069 734 1267 794 quarnadcels·

182 802 258 854 obiit,
274 806 348 856 luens.
744 805 868 855 brundam
880 804 1004 855 Hetrusci
1017 804 1141 868 pietatem
1157 808 1267 870 singula·

216 882 263 929 142
278 880 327 929 Ass
346 896 399 943 ego,
414 880 522 942 ιιιίιιίι,
538 880 591 944 tre]
607 881 708 945 Perpe-
744 894 807 930 reru.
840 881 927 931 Quare
938 887 966 929 et
977 880 1060 929 Desm
1071 894 1102 929 eo
1113 880 1202 929 nabitu
1213 882 1269 933 rull

182 967 236 1002 ram
249 955 388 1005 Domitius.
421 954 519 1004 Desisti
531 956 706 1020 Pelasgisunt,
744 959 842 1017 uenire,
861 973 912 1024 qno
933 972 1011 1008 anrau
1036 960 1131 1008 eraculo
1154 959 1268 1022 conspici

180 1032 225 1094 qul
236 1030 269 1079 ad
280 1032 381 1081 'l’uelm
396 1032 551 1090 occubuere,
566 1047 631 1096 qnos
648 1047 706 1082 curn
743 1032 829 1084 linerat
839 1035 931 1084 sullis:
942 1034 1052 1099 niueoque
1061 1034 1164 1095 cuiauis
1173 1034 1270 1098 ιιιιιιιιιι,

180 1107 314 1167 sepultura
324 1114 426 1155 arceret
437 1107 515 1167 Creu,
526 1107 619 1157 'l'lraaei
629 1107 706 1158 armis
744 1112 785 1174 ips.
798 1110 917 1161 Bernart.

180 1183 315 1247 impetitus
326 1190 354 1233 et
366 1198 449 1234 caesus
466 1190 516 1248 est,
529 1184 567 1234 illi
579 1186 652 1249 justa
663 1200 706 1235 ac·
778 1189 809 1235 ln
822 1185 924 1249 Matris]
936 1186 1079 1237 illustratio
1089 1184 1226 1250 virgiliani
1239 1186 1270 1235 il·

181 1264 317 1323 ceperunt.
350 1260 381 1309 ln
403 1274 459 1324 seq.
481 1274 518 1310 rs.
541 1259 706 1310 ‘inelurleru'
743 1261 826 1317 lins‚‘
847 1263 1000 1312 l’ulsalnsre
1018 1261 1130 1327 parens!
1163 1261 1270 1318 Pulsure,

180 1334 304 1385 claudere
315 1343 364 1384 est.
397 1336 458 1392 Qua
472 1334 562 1398 pagias
574 1336 706 1385 minicius·
743 1336 867 1400 Ιπισθιι,
883 1336 1017 1401 βιάζεσθαι,
1038 1336 1100 1405 ulslq
1115 1336 1169 1400 rui,
1191 1338 1269 1388 Plato

179 1414 223 1461 dul
235 1411 326 1461 lirim
336 1417 386 1472 est,
399 1410 464 1477 quid
479 1410 505 1459 iu
520 1411 706 1461 Eschatumlliu
744 1414 807 1477 Lag·
822 1413 865 1463 lib.
876 1427 915 1463 rx.
931 1415 1042 1463 ‘Fessus
1059 1413 1154 1478 pater,'
1172 1414 1268 1477 longua·

179 1487 327 1537 Thebaidos
347 1487 503 1551 scripserim,
523 1486 585 1551 quid
605 1488 706 1537 cecine-
744 1503 791 1540 rus
802 1496 830 1539 el
846 1488 961 1539 ‘inutilis
972 1488 1069 1540 anuos!
1101 1487 1186 1539 Antor
1203 1488 1269 1537 Tire·

181 1564 229 1614 rim
251 1564 278 1613 iu
297 1579 396 1614 summa
418 1564 523 1625 scheda,
544 1580 596 1629 quo
617 1566 706 1616 morlu-
742 1562 824 1613 bsidis
839 1566 897 1614 Lat.
913 1565 1004 1614 ‘creet
1021 1563 1135 1628 parentis
1153 1562 1268 1627 regimen

180 1638 275 1689 lamine
286 1638 396 1689 finierim
406 1638 547 1689 Thebaida.
564 1640 573 1669 ⁴
585 1640 649 1691 Cum
659 1656 705 1706 pa·
742 1646 772 1688 et
781 1638 842 1689 fessi
852 1638 973 1689 unicum?
987 1638 1083 1689 Mureti.

180 1716 242 1779 plns
262 1714 367 1765 inclusit
389 1721 477 1778 putres
498 1716 637 1779 ridendas:
665 1724 706 1770 est
775 1714 982 1778 insipientius
1000 1713 1101 1777 Miro]
1117 1710 1199 1763 lutire
1219 1710 1269 1763 fla·

180 1803 240 1840 eum
256 1804 288 1839 ea
308 1789 403 1854 pagina
420 1798 479 1840 sets
496 1798 546 1853 est,
568 1791 641 1841 linita
656 1801 706 1857 est,
742 1788 799 1837 sius
817 1788 972 1839 lulerorurn.
1004 1790 1086 1839 Lethe
1102 1789 1165 1838 item
1176 1785 1269 1840 novius

181 1878 240 1930 quse
257 1864 380 1914 ridendas·
393 1873 480 1929 partes
493 1865 602 1929 inducit,
616 1868 707 1933 inqua
743 1864 770 1913 lu
783 1864 924 1928 Hispania:
936 1878 1011 1929 qnam
1021 1871 1097 1913 autea
1107 1863 1212 1913 Linearn
1221 1875 1268 1926 ap·

180 1940 301 1991 exodium
321 1940 446 2004 scriptum
462 1948 511 1991 est.
530 1943 704 1994 Gremmurr.
742 1938 882 2003 pellebant.
924 1938 1008 2001 liujus
1030 1938 1145 1988 meminit
1163 1936 1269 1998 strabo,

181 2030 234 2079 ιφ.
242 2020 283 2067 19.
742 2014 833 2065 addita
850 2014 927 2065 etiarn
943 2012 1047 2063 historia
1063 2028 1110 2064 eur
1125 2014 1207 2063 Latine
1221 2025 1268 2075 ap·

212 2092 706 2157 contumularer-pneumatum
741 2092 863 2154 pellatur.
884 2090 962 2136 Silius
970 2088 1075 2135 esrulnt
1084 2088 1202 2135 inseruit.
1222 2087 1270 2135 ier·
1319 2086 1320 2089 ’

180 2180 256 2216 ansus
273 2182 328 2215 sunr
344 2173 454 2215 mntare.
487 2166 548 2213 Blni
565 2172 650 2213 tamen
668 2167 706 2216 illi
742 2158 1100 2225 elonsprsstersaflurlmin
1113 2157 1174 2208 Asia
1187 2159 1269 2222 juxta

179 2240 285 2303 scripti:
304 2240 437 2286 &resolutio
447 2240 479 2287 ml
489 2238 614 2287 Claudiana
620 2240 707 2287 Ειιιιι-
743 2235 907 2299 Magnesiam
921 2235 1028 2285 labitur.
1046 2232 1140 2283 Donra't.

179 2328 240 2364 uss.
255 2313 338 2363 Gran.
775 2314 807 2359 ιι
824 2304 913 2385 illyrios
921 2310 1023 2371 gmrlete
1033 2306 1187 2371 demmin}
1199 2306 1269 2360 iiten

211 2393 227 2439 ⁸
246 2388 367 2452 Nineoqss
383 2386 484 2449 issigris
498 2390 599 2453 amicta]
616 2386 707 2438 Amul·
742 2386 787 2451 qni
808 2391 910 2437 attenta
930 2384 1031 2449 legerit,
1052 2384 1087 2433 de
1112 2384 1269 2447 interpreta-

179 2470 244 2527 snnt
254 2463 334 2526 (loeti,
343 2476 389 2512 eur
399 2463 475 2512 niveo
486 2463 594 2526 amictu,
604 2463 638 2513 ad
646 2478 706 2513 exe·
743 2460 814 2511 tione
830 2466 920 2511 nostra
942 2460 1084 2525 ampliusne
1101 2458 1268 2511 deliberabit?

178 2540 263 2605 unias,
273 2540 404 2590 Pietatem
413 2538 538 2602 Papinius
551 2546 636 2603 vocet,
647 2554 705 2589 cum
741 2550 793 2587 nou
813 2537 912 2599 lugere,
930 2535 975 2585 sed
992 2536 1115 2598 sundere,
1129 2548 1180 2599 quu
1191 2548 1269 2599 sups-

179 2630 214 2666 ιι
224 2615 449 2680 Halycsrusssreu,
460 2616 588 2678 Varrone,
600 2612 706 2666 Vulerio
742 2628 795 2676 rus,
808 2628 858 2678 qua
869 2610 965 2661 inferos
977 2611 1032 2661 rull
1043 2610 1178 2675 Papinius,
1186 2616 1213 2659 et
1220 2610 1269 2661 sic-

179 2692 287 2756 aliisque
309 2696 420 2753 constet,
450 2698 533 2741 atram
558 2698 658 2741 restem
680 2692 705 2741 lu
742 2692 780 2741 utl
792 2690 922 2739 Pietatem
939 2686 1000 2737 alba
1015 2685 1269 2749 resteruuarst,its

179 2768 252 2817 luctu
262 2773 405 2831 sumptam:
418 2780 448 2816 ac
457 2768 552 2816 suntin
564 2778 595 2817 eo
606 2777 635 2819 ut
646 2782 706 2818 eun·
741 2764 783 2813 laic
794 2779 852 2814 aras
862 2763 980 2813 coronari
990 2764 1055 2825 vult,
1068 2776 1101 2812 ex
1120 2768 1228 2826 recepto
1239 2759 1268 2813 in

180 2842 297 2903 dudunt,
319 2843 443 2892 raristnru
464 2842 513 2892 lac
533 2843 559 2891 ln
585 2856 614 2893 re
636 2844 705 2908 apurl
742 2840 846 2905 publicu
864 2840 1018 2902 priuatoque
1035 2837 1199 2901 gaudiuritn.
1212 2838 1268 2901 lpse

180 2918 327 2969 Rumanm:
345 2916 440 2981 priscis
458 2918 618 2980 temporibus
634 2921 706 2983 nigra
742 2916 840 2965 Statius
857 2912 889 2963 sd
903 2913 1001 2964 Juliunu
1015 2914 1088 2963 Men.
1103 2914 1137 2963 ub
1152 2914 1266 2977 prolem:

179 3003 253 3043 reate
271 2993 296 3041 in
313 2994 384 3042 lnctn
401 3007 459 3042 usas
472 2989 552 3043 etism
576 2996 704 3047 mulieres.
741 2993 821 3055 ‘qua
841 2988 921 3039 festos
937 2990 1067 3039 cumulare
1087 2990 1211 3039 altaribus
1230 2991 1269 3053 ips

179 3066 374 3130 Atsub=isupp
385 3073 444 3129 pust
461 3073 502 3117 tut
513 3082 607 3131 genera
618 3082 706 3133 reper-
742 3082 796 3127 nes,
814 3067 849 3116 Et
868 3064 989 3115 redimire
1007 3064 1109 3128 chelyn.
1131 3071 1269 3128 postesque
1365 3128 1368 3135 Δ

180 3144 341 3204 toculorum,
349 3150 466 3205 spretura
477 3150 706 3208 contemptumque
741 3156 834 3192 urnure
844 3139 968 3204 juberet!
983 3138 1130 3189 Tibullum.⁴
1141 3140 1268 3204 sertaque

178 3221 293 3272 wionem
309 3218 405 3280 album,
422 3216 487 3267 adeo
498 3226 528 3267 nt
544 3224 607 3267 nota
621 3219 705 3267 luctus
740 3218 776 3267 de
787 3217 884 3267 sanctis
895 3213 1040 3279 deripuisse
1051 3212 1134 3264 iocis!
1151 3215 1269 3265 Bersml.

180 3294 261 3344 fuerit
270 3294 381 3358 superbo
391 3296 464 3343 sexui
475 3308 534 3343 eum
546 3294 668 3357 induisse,
677 3301 705 3345 et
773 3297 807 3343 88
824 3294 928 3343 Munera
945 3305 992 3339 sos
1012 3288 1107 3353 mauro]
1130 3289 1270 3341 AEternita·

180 3382 244 3417 sana
260 3368 426 3427 Plutarchus,
442 3368 607 3419 Herodianus
625 3370 705 3421 etiarn
742 3376 796 3421 tam
812 3366 931 3419 carminis
950 3364 1088 3429 pollicetur
1104 3371 1131 3414 et
1144 3364 1193 3415 sibi
1212 3378 1271 3429 pur·

179 3441 226 3495 lib.
235 3455 273 3491 ιιι.
281 3442 364 3491 simile
372 3441 433 3506 quiri
443 3442 561 3495 iunnust.
581 3447 705 3495 Ceterum
742 3443 838 3495 tendit.
870 3443 914 3491 Me
929 3439 1086 3504 monstrante]
1108 3440 1270 3493 Testimonia

177 3534 232 3569 uon
250 3517 376 3581 Apuleius
393 3518 484 3580 solum,
502 3527 619 3572 notatum
637 3524 704 3581 aliis,
741 3519 792 3571 rnei
813 3517 941 3569 carminis.
982 3516 1054 3567 Flere
1076 3515 1209 3580 parentem]
1233 3516 1269 3567 lit

178 3595 336 3647 sententiam
345 3593 409 3643 issue
422 3601 566 3659 oppugnat,
576 3602 707 3646 murmura
740 3596 782 3645 lric
793 3603 822 3645 et
833 3602 912 3645 aulea
921 3590 1047 3642 indicarit
1061 3590 1175 3655 Spicum,
1191 3606 1268 3658 qnam

173 3671 282 3737 Minis
296 3672 368 3730 susus
387 3669 632 3735 muretensem,
658 3672 704 3723 ssd
741 3668 930 3734 composuistis
951 3666 1086 3731 epicedion
1107 3666 1204 3718 funeris
1220 3682 1268 3731 pa·

178 3747 264 3801 ,lulius
285 3745 383 3795 Paulus
403 3752 493 3795 nuster
514 3746 611 3810 Reeep.
629 3748 705 3798 Seut.
742 3746 884 3807 terni,esse
895 3742 1268 3803 multisnlebuselaborstsm,

87 3874 94 3887 ,
179 3825 258 3876 litun
274 3837 332 3886 cap.
346 3821 378 3870 de
394 3821 545 3884 Sepulchris
560 3827 589 3871 et
603 3822 705 3887 langen·
741 3827 770 3871 et
787 3820 832 3871 rix
849 3819 953 3869 landem
970 3818 1084 3867 editam:
1101 3830 1159 3865 cunr
1176 3815 1219 3864 iric
1238 3828 1267 3865 se

179 3901 229 3958 dis,
246 3900 324 3964 plane
343 3896 447 3947 evertit.
479 3896 653 3961 ‘Qullngen’
668 3899 705 3948 lu·
740 3902 841 3958 patrem
862 3891 964 3944 flevisse
984 3892 1065 3950 ullust,
1084 3896 1112 3938 et
1129 3889 1156 3937 iu
1176 3888 1267 3952 quintu

179 3978 246 4043 quit,
262 3983 271 4005 ⁴
287 3973 418 4026 abstinere
440 3971 520 4022 debet
538 3986 554 4023 a
570 3974 704 4037 conviviis,
742 3969 846 4023 tandem
874 3982 930 4019 earu
956 3967 1059 4031 Splsanr
1091 3963 1267 4019 collocaverit.

179 4051 348 4112 ornamentis,
361 4056 389 4097 et
400 4047 458 4097 alba
472 4046 563 4098 reste!
594 4048 653 4113 Epo
663 4062 706 4100 mo
740 4046 835 4097 Μ.

179 4128 253 4179 solru
270 4121 391 4193 indicato
409 4124 469 4187 isto,
487 4131 515 4175 et
531 4125 704 4187 ampliandum
772 4126 805 4173 la
817 4116 938 4180 Noslili]
953 4112 1062 4165 Aversis
1072 4116 1112 4161 est
1122 4111 1154 4161 ad
1167 4118 1267 4176 patrem

178 4198 706 4271 judiciamseatiu,atrerecundecontrs
741 4204 887 4255 mortuumz
913 4202 990 4259 quern
1015 4186 1165 4241 lsudstmus
1190 4186 1266 4245 diluit
