3000 4817
140 7 184 58 lib.
196 20 235 57 rx.
250 7 320 57 Plin.
329 20 393 56 vrsr.
409 6 459 70 Ep.
468 10 509 55 21.
542 4 666 57 Deierils
701 6 864 56 nobilitatem
875 8 1008 70 maiorem.
1025 9 1099 59 lders.

139 83 323 133 vindemiarum
353 81 440 131 Dlros
467 80 610 145 Cyprianus
632 81 665 131 ad
733 86 768 132 iil
783 82 885 131 Praetor
898 82 940 131 abi
957 83 1053 133 l'esbs'as
1070 85 1160 148 ego-it]
1176 87 1226 135 lio·

139 158 268 208 Donatum
279 158 362 207 initio.
390 158 433 205 Do
444 155 513 205 i'rrlis
524 155 665 207 vindemia·
701 169 790 207 manca
797 156 963 219 Venetosque
974 157 1073 205 codex:
1085 159 1159 220 erigit
1168 160 1227 211 bas.

139 246 195 283 rum
212 241 239 283 et
256 232 332 282 festia
342 230 475 294 lamprid.
487 230 513 279 in
526 230 664 294 Heliogab.
702 231 780 284 Quod
789 244 841 280 non
851 244 952 295 possum
962 245 1014 280 non
1023 232 1143 295 probare.
1166 235 1229 299 Epi·

139 316 167 358 et
177 310 272 358 Paulus
283 308 361 358 Diae.
373 308 487 371 longob.
499 306 543 357 lib.
552 320 595 358 ιιι.
607 321 665 371 cap.
701 308 777 359 cedio
790 310 817 358 in
835 311 955 359 Patrem:
970 310 1139 373 ‘exemptum
1150 314 1229 361 terris

139 388 164 433 ι.
181 384 291 434 Crem
702 382 734 432 ad
751 383 839 433 sidera
854 389 966 433 montem
976 383 1107 435 bnatnlit.'
1123 384 1233 449 omre,

168 466 200 512 dl
218 462 273 518 Qua
290 459 335 509 tibi
352 457 458 523 salum]
475 458 543 509 Nam
554 458 665 507 llisrcel·
702 456 788 506 Diair.

137 537 178 587 lna
189 537 241 586 init
252 542 376 599 patronus
390 535 418 583 lu
430 534 514 584 causis
524 533 592 596 spnd
605 547 666 582 cen·
734 536 767 582 ιι
787 531 916 596 Vireiaat]
930 533 998 583 Nsns
1008 533 1119 584 Vesbius
1133 534 1229 585 sitibat

138 612 279 663 tnmriroe:
297 624 404 675 quorum
412 610 514 674 judicia
530 624 598 660 nune
610 624 665 659 ces·
702 607 728 656 in
741 607 829 671 primis
840 608 996 658 abundabat.
1015 610 1109 659 Deerit.

138 687 237 737 sabaim
263 686 302 736 Hi
314 686 387 735 basta
399 685 550 749 utebantur,
561 690 591 735 ut
602 684 667 734 dixi·
715 682 766 732 ‘sn
783 683 878 746 Pressa]
889 684 1003 735 obrutas
1012 685 1228 739 esmiluedoerr.

137 760 445 825 nsoaapcdsuetouiom,
462 769 589 825 erantque
606 774 666 809 een·
703 760 863 823 Procritrpae
883 766 942 823 tote,
962 762 1015 825 irc]
1036 764 1149 813 Prurita
1168 778 1228 813 rara

137 843 192 887 tuns
203 842 231 887 et
241 836 366 901 quinque,
376 842 406 884 nt
415 835 494 885 docet
503 835 607 898 Festus,
619 834 666 883 sed
703 834 768 885 dicit
781 844 903 899 respectu
922 846 1037 887 venturae
1058 839 1228 901 posteritatis,

138 920 222 965 tanen
230 918 337 963 centum
348 911 419 961 dieti.
436 910 531 961 Deerit.
703 925 761 975 quse
773 912 837 975 ipsa,
848 926 905 975 quse
920 926 980 961 rnra
990 912 1060 963 evita
1074 912 1227 977 possidebit,

166 992 199 1038 62
218 986 406 1050 lbaleres'grae]
424 985 578 1051 Cailpaniis.
609 987 666 1036 Do·
702 986 745 1036 ris
766 986 857 1037 credet
878 988 916 1037 lta
935 990 1052 1051 periitne.
1084 990 1136 1038 Me.
1155 990 1226 1039 Flor.

137 1064 261 1114 mitianua
297 1062 388 1111 babuit
415 1061 533 1113 Orcadas
569 1061 666 1111 insulae
703 1064 772 1113 Rara
792 1066 871 1114 deesse
889 1065 960 1115 sacri.
1001 1066 1076 1117 Quod
1096 1066 1151 1115 aire
1170 1066 1228 1129 qnia

138 1140 239 1192 Oceani
246 1138 392 1188 Britannici
404 1138 430 1187 ln
440 1138 547 1203 ditione,
557 1152 665 1202 quarum
702 1138 834 1201 probabit,
845 1140 900 1189 slre
911 1139 1034 1191 retinebit
1045 1142 1187 1203 vulgatum,
1199 1148 1227 1189 ut

137 1216 280 1267 ultimaeat
290 1215 382 1264 Tbule.
404 1214 579 1277 Vespasianus
591 1219 665 1277 pntrr
701 1212 849 1264 faciendum
865 1223 994 1278 putamus,
1008 1216 1050 1267 bic
1064 1230 1153 1266 mneos
1169 1221 1226 1265 estr

137 1290 304 1356 expeditione
320 1304 367 1340 aus
386 1290 544 1354 temporibus
561 1289 665 1339 Claudii
701 1290 1229 1354 Mirabitnrposteritanetriacredetom-

138 1382 182 1418 eas
193 1367 337 1429 devicerat,
352 1366 461 1416 redacta
469 1368 557 1416 Vecte
569 1372 620 1414 unt
631 1379 664 1413 ex
701 1363 744 1412 nia
754 1364 798 1413 ills
810 1366 927 1428 proavita
937 1380 1072 1431 rumque
1080 1374 1143 1417 tunc
1158 1365 1228 1416 forte

137 1442 188 1493 iilis
208 1443 234 1491 in
251 1446 419 1505 potestatem.
451 1440 600 1493 ,iuvenalios
617 1441 666 1489 ‘et
702 1440 823 1489 restituta
842 1452 929 1503 erent,
945 1451 973 1491 et
990 1442 1139 1497 orabuntur,
1162 1441 1228 1491 marl

137 1517 215 1567 ruodo
226 1522 314 1580 erpino
326 1514 462 1565 Orcadae.’
479 1516 554 1567 ideas.
702 1513 868 1577 vernuloque
879 1514 1031 1577 adiacentia,
1046 1516 1162 1577 periisse,
1173 1515 1228 1564 sbi·

168 1596 201 1643 ιι
220 1592 303 1640 Porta
314 1588 446 1651 Caspiacae]
463 1589 563 1651 erepla
581 1595 664 1653 portas
702 1588 763 1649 isse,
783 1588 865 1637 inrisa
886 1594 974 1638 noairo
991 1604 1048 1638 asro
1070 1588 1140 1639 facts
1158 1602 1227 1641 esre.

135 1670 162 1718 in
173 1668 264 1716 Ponto
279 1671 340 1713 sunt
356 1662 474 1727 quaedam
488 1666 610 1727 angustiae
626 1666 665 1715 ite
702 1662 853 1714 Quomodo?
869 1675 961 1727 nempe
975 1679 1032 1727 quse
1049 1664 1178 1713 cineribus
1189 1664 1226 1711 la-

137 1739 281 1806 appellates
301 1752 316 1787 a
333 1738 397 1787 marl
417 1737 511 1803 Caspio
528 1740 663 1803 prosimos
702 1737 858 1803 pidibosqoe
873 1745 902 1788 et
918 1738 973 1787 aliis
989 1739 1105 1803 reliqniis
1116 1738 1228 1787 incendii

136 1814 230 1881 populi
252 1812 305 1863 iilic
326 1820 384 1863 anot
407 1814 508 1877 Caspiis
535 1830 586 1879 quo
608 1816 665 1865 loco
702 1816 809 1865 obtecta
825 1815 972 1864 latissimum
988 1814 1070 1864 veluti
1088 1819 1115 1862 et
1135 1826 1229 1876 perpe·

136 1891 234 1941 nultos
246 1888 380 1953 redarguit
392 1888 491 1939 Plinius
501 1891 545 1954 qui
557 1890 665 1954 Caspiae
703 1897 773 1939 tuum
782 1890 884 1940 bustum
893 1897 1034 1953 erant,non
1042 1903 1109 1939 rura.
1122 1889 1228 1940 Grenoo.

137 1972 231 2031 portas
253 1969 377 2028 putarunt
396 1978 455 2013 ease
476 1964 580 2015 easdem
606 1980 664 2029 qun
703 1967 788 2018 Distr.

136 2049 198 2091 annt
228 2040 255 2089 ln
281 2038 397 2090 Heberls
425 2040 506 2091 Ponti
534 2040 667 2104 provincia
735 2044 768 2090 84
785 2040 1228 2105 slumJNamaltererraepross-

138 2116 258 2181 proxima
269 2114 380 2178 Caspiis,
390 2128 448 2163 nasu
459 2115 498 2164 ιω
516 2116 573 2165 slioe
590 2122 665 2175 euni;
702 2117 766 2167 luta
776 2128 836 2169 anot
846 2117 873 2166 ln
884 2117 980 2167 insulas
990 2116 1057 2167 illie:
1071 2125 1101 2166 ut
1111 2116 1229 2179 Prochy-

137 2192 312 2253 eurittrsntque
323 2189 350 2237 in
362 2189 499 2239 Sarmatae.
516 2189 591 2239 Idam·
704 2198 740 2254 ts,
750 2192 924 2255 Pyilrecnsre:
941 2192 999 2242 alic
1010 2199 1071 2243 snut
1080 2198 1159 2242 terre
1176 2204 1229 2240 nro·

170 2269 205 2314 oo
223 2264 328 2313 orsus·
344 2262 422 2325 tarde]
438 2262 566 2313 Mendoea
577 2262 665 2312 rerba.
704 2274 733 2318 tc
744 2266 884 2330 absorpta.
903 2269 996 2316 Dente.

136 2341 257 2407 Ignavia
267 2340 335 2389 eninr
346 2340 477 2403 damnem,
489 2354 566 2405 quem
576 2340 666 2390 slacrl-
735 2345 767 2390 86
783 2340 864 2405 Aproe]
889 2343 979 2405 Vespii
997 2356 1129 2391 cacumen.
1153 2341 1228 2391 idere.

38 2416 40 2421 ’
58 2442 61 2451 ·
137 2418 204 2469 tatis
214 2422 244 2467 et
254 2417 415 2467 strenuitatis
431 2416 522 2467 laudat
533 2417 666 2482 Papinius.
704 2418 793 2467 Procri
802 2416 983 2479 tristanda]
994 2414 1046 2464 Alii
1056 2417 1159 2477 legent:
1176 2430 1230 2476 pro·

138 2493 446 2557 Legninsertaroculs:
465 2494 668 2557 Qaiqsegraoern
704 2492 859 2542 mistrinis
867 2491 993 2553 sintsoto,
1009 2491 1090 2551 Teste,
1103 2491 1143 2550 irc.
1175 2488 1229 2536 Sed
1286 2516 1290 2519 >

137 2569 205 2621 isac
223 2570 298 2618 rrrrlr.
329 2568 371 2618 An
391 2570 485 2618 iainrde
504 2569 616 2632 scripsit,
638 2576 668 2618 ut
705 2569 769 2619 nibil
784 2567 942 2627 mutandum,
960 2580 1019 2615 narn
1040 2564 1141 2628 liplsoto
1157 2562 1229 2613 locos

138 2644 269 2709 intrepide,
279 2644 398 2707 intinide,
407 2646 449 2707 de.
462 2643 587 2692 dicimus?
606 2644 666 2692 Nou
705 2650 746 2695 ast
760 2659 841 2709 prope
853 2644 977 2706 capuam,
991 2642 1087 2706 dequo
1099 2641 1230 2690 Festuaet

140 2721 282 2784 displiceat
303 2720 324 2770 si
345 2718 513 2770 subvenietur
533 2718 667 2781 esempl03
706 2720 802 2771 Livius.
823 2720 895 2769 Teate
904 2717 1156 2768 estMsrrncinorom
1167 2714 1230 2763 urba

141 2796 237 2861 dequo
249 2810 319 2845 nunc
331 2809 380 2846 nou
393 2795 471 2846 subit.
489 2795 577 2845 Basti.
706 2794 731 2843 in
743 2794 831 2850 ltalia,
851 2800 920 2843 teste
935 2793 1078 2842 Ptolomeo
1090 2788 1133 2839 lib.
1144 2801 1187 2836 ιιι.
1206 2802 1230 2838 o.

173 2874 206 2920 τι
224 2868 374 2934 l‘riasrploa]
392 2869 463 2919 Avus
475 2876 534 2919 tuos
546 2868 667 2934 proponit
706 2873 730 2919 l.
742 2869 819 2918 bodie
831 2869 981 2931 lieiirnlgo
990 2866 1093 2916 dieitur.
1120 2862 1173 2914 Sed
1183 2877 1231 2913 eur

140 2946 190 2997 tibi
201 2947 346 3011 triompbos
357 2946 523 3009 domesticos,
540 2960 598 2995 narn
610 2948 667 3009 lpse
706 2952 781 3009 optat
801 2942 886 2993 Po‘e‘is
905 2948 936 2993 ot
959 2942 1078 2992 incendia
1099 2936 1231 3000 acanspia

139 3024 303 3088 triumphalis
315 3022 375 3085 fit,
386 3036 492 3087 quorum
504 3022 668 3073 emulatione
706 3018 872 3082 Marrucinis,
893 3019 979 3082 potios
1009 3030 1085 3082 qrram
1112 3014 1146 3064 ab
1174 3012 1232 3061 aliis

140 3099 412 3155 reconsecrationis.
707 3096 774 3159 agria
789 3095 955 3145 avertantur?
985 3092 1018 3142 Id
1037 3092 1125 3141 videor
1142 3088 1231 3139 obaer-

176 3176 207 3223 ιι
223 3171 361 3237 biennale]
384 3174 526 3225 Stemmata
543 3172 669 3239 imagines
707 3184 783 3219 rasae
793 3184 826 3218 ex
836 3169 923 3218 Plinio
933 3168 978 3219 lib.
987 3181 1058 3218 xrrr.
1070 3168 1176 3228 capet.
1185 3160 1232 3210 ubi

141 3260 219 3296 seren
240 3248 365 3311 majorum
386 3248 430 3313 qui
449 3242 667 3312 triumphassent:
706 3249 802 3309 ‘agros
819 3244 995 3295 Marrucinoa'
1014 3257 1029 3292 a
1046 3241 1141 3291 Vectio
1159 3238 1231 3287 Mar·

141 3320 283 3386 aliqnando
302 3324 427 3387 coronati,
447 3338 462 3373 s
481 3323 583 3387 στέμμα,
600 3322 669 3388 quod
707 3323 783 3385 cello,
795 3321 838 3385 qni
855 3318 906 3369 suit
920 3327 995 3382 pater
1009 3318 1086 3381 bojua
1100 3313 1233 3374 Marcelli,

142 3395 277 3461 signifieat
288 3408 415 3449 eoronam.
447 3398 499 3448 Han
514 3398 670 3465 quibusdam
706 3396 739 3446 ad
748 3410 826 3461 quem
835 3396 893 3444 brec
903 3393 995 3442 scribit
1006 3394 1114 3453 Statius,
1125 3392 1162 3441 alt
1173 3404 1234 3453 poa·

140 3472 216 3521 lineis
234 3470 314 3520 etiarn
334 3472 506 3536 pingebantur
516 3473 549 3523 sd
560 3472 670 3522 allorum
707 3486 799 3530 sessos,
817 3476 845 3519 et
859 3467 1051 3518 aremorabilem
1068 3467 1100 3517 de
1111 3467 1143 3515 iis
1153 3466 1233 3515 bisto-

144 3544 474 3608 irnaalnnmdid'erentisrn.
504 3548 668 3613 thnonisrn
707 3546 770 3594 riam
782 3550 886 3594 narrat:
902 3542 1005 3602 ‘Super
1022 3540 1122 3604 omnia,’
1140 3538 1236 3604 inquit,

143 3630 179 3668 ax
197 3620 337 3685 bia'mnjor
355 3628 516 3687 propagator
532 3623 672 3686 nobilitass
707 3624 784 3686 ‘que
794 3616 1236 3687 nuquam-auditesmt‚etismpro·
