3000 4817
295 775 371 887 Ρ.
432 771 814 886 ΡΑΡΙΝΙΙ
874 771 1173 890 STATII

424 1052 1047 1146 ACHILLEIDOS

612 1323 778 1399 LIBER
816 1325 852 1400 1.

553 1583 920 1596 -----—.—-—.—.,.

597 1812 877 1863 rttctJttttrtruM.

189 1958 290 2006 'l'rrnrr
308 1963 385 2020 raptu
397 1955 508 2005 licicme
520 1957 621 2017 turrita,
631 1955 700 2019 quod
710 1955 770 2006 iude
782 1956 934 2006 acerrimum
947 1955 1041 2009 bellum
1053 1958 1123 2010 iutcr
1133 1961 1240 2010 Grucca
1252 1963 1281 2009 ct

222 2037 350 2099 Trojauca
361 2043 511 2086 exorturum
522 2035 610 2097 micet,
620 2043 648 2085 ct
660 2036 687 2084 iu
697 2050 728 2084 ec
740 2035 867 2085 Achillem
877 2035 958 2086 lilium
970 2038 1121 2102 periturum,
1130 2039 1281 2102 Neptunum

223 2117 353 2173 convertit,
372 2117 405 2165 ah
422 2129 505 2180 ecque
521 2117 598 2166 cuiae
614 2115 693 2180 petit,
708 2123 738 2165 ut
757 2117 865 2166 ciatrem
878 2117 987 2180 r'apturia
1003 2119 1106 2168 Parldla
1117 2123 1282 2180 rummergat.

222 2197 312 2259 Negat
323 2196 462 2258 Neptunus
472 2196 520 2245 hcc
529 2195 587 2244 lieri
599 2209 690 2258 pcarc:
708 2196 830 2244 rtatuirae
839 2196 910 2245 Duce
920 2205 1040 2246 cruentur
1049 2197 1158 2246 miaecre
1169 2197 1282 2261 Europa

225 2285 303 2340 atque
322 2273 394 2323 Aaiae
413 2288 520 2324 manua:
536 2277 653 2338 iugeutca
671 2275 759 2326 clades
775 2275 893 2338 'lch'ruiu
909 2274 1036 2325 Achillem
1053 2276 1190 2338 illaturum,
1203 2282 1282 2328 etlut

225 2353 486 2417 praclaractliturum
495 2352 616 2417 facinora,
624 2355 717 2418 utipca
726 2353 817 2405 credet
824 2367 852 2403 ac
860 2367 917 2404 eum
926 2353 958 2403 du
968 2354 1035 2405 Jorc
1047 2355 1205 2418 concepisse.
1223 2357 1282 2406 Hac

227 2433 332 2498 repulac
338 2433 428 2483 Thelia
436 2433 544 2482 animum
554 2433 586 2483 ad
593 2435 644 2485 ulia
651 2435 791 2497 convertit,
800 2440 827 2484 et
836 2433 883 2485 ribi
894 2433 1102 2498 proponithllum
1112 2435 1139 2484 iu
1147 2435 1233 2501 aliquo
1241 2441 1282 2486 tu·

226 2514 324 2564 timimo
334 2513 390 2563 lcrc
397 2513 535 2570 occultare,
540 2513 622 2564 donec
631 2520 771 2580 tempestat
778 2523 829 2564 tam
836 2512 964 2564 formidati
972 2514 1033 2565 belli
1039 2515 1184 2565 detonaret.
1195 2514 1283 2566 Achil·

223 2595 262 2644 lea
272 2594 340 2658 apud
350 2593 487 2642 Chironem
498 2593 655 2643 Centaurum
665 2595 692 2643 iu
703 2593 834 2644 'i'hearalia
849 2594 1018 2646 educabatur.
1048 2595 1143 2646 Tendit
1159 2595 1237 2660 igitur
1256 2594 1282 2645 iu

222 2675 378 2726 ‘iheaaaliam
387 2672 569 2735 ihetir,fllium
578 2688 594 2721 a
602 2674 713 2724 Chircuc
720 2674 827 2739 repetit,
834 2683 939 2726 cuuauta
948 2690 976 2727 rc
985 2675 1103 2726 iuluuatie
1112 2676 1144 2725 tic
1153 2674 1205 2726 lilio
1216 2691 1282 2726 aum·

224 2758 274 2806 ulia
283 2755 387 2811 terreri,
398 2769 429 2804 ac
441 2754 506 2803 velle
517 2767 574 2803 cum
585 2754 610 2802 iu
624 2753 725 2805 Occaui
733 2755 818 2819 aquit,
826 2761 856 2804 ut
864 2757 976 2805 Proteus
983 2756 1105 2820 jubebat,
1113 2755 1283 2822 magiclaqul-

224 2832 333 2883 huadam
340 2833 421 2882 aacriu
429 2833 545 2882 imtrarc.
562 2833 800 2882 Chircucucriliuru
811 2833 868 2895 eiua
879 2835 981 2897 prohat,
991 2833 1148 2899 laudataque
1157 2835 1248 2886 mirum
1257 2835 1284 2884 iu

225 2912 330 2962 mutium
342 2910 448 2960 Achillia
456 2911 551 2968 indole,
560 2912 696 2961 humanam
706 2925 881 2975 supervum,
891 2912 1016 2961 iuvidiam
1025 2913 1129 2975 placare
1139 2914 1214 2964 matri
1225 2927 1283 2963 aua·

226 2992 290 3042 det:
307 2991 375 3041 uutic
392 2991 460 3041 aucti
475 2991 588 3041 'lhetidir
607 2999 700 3042 metue.
733 2993 820 3042 Nocte
838 2991 946 3054 cogitat,
962 3005 1019 3054 quae
1036 2989 1285 3048 lucaahaccuticurlu

224 3071 279 3122 utto
290 3071 402 3135 aptiora.
435 3071 507 3122 iutcr
520 3073 570 3122 alia
579 3072 674 3136 Scyrcc
686 3073 768 3122 imula
778 3073 815 3122 illi
827 3072 922 3136 placet,
938 3069 983 3118 uhi
993 3068 1118 3132 regnabat
1127 3069 1285 3132 Lycomede·

223 3153 337 3218 plurium
347 3151 457 3203 tiliarum
466 3161 552 3217 pater,
562 3154 638 3217 cujua
646 3154 706 3204 aula
713 3150 927 3216 virgincirchuria
937 3149 1103 3214 peracuahat.
1136 3147 1227 3198 Filium
1236 3148 1284 3212 igi·

223 3243 267 3285 tur
277 3233 423 3284 arctiaaimc
437 3247 527 3283 acaum
536 3241 686 3298 correptum
696 3233 753 3282 riuu
765 3231 909 3295 complexu,
918 3241 1021 3279 currum
1032 3225 1159 3290 delphiuia
1164 3225 1285 3289 junctum

225 3314 384 3374 cuuaccutlit,
394 3323 423 3364 et
431 3328 503 3363 marc
514 3327 618 3363 emeura
627 3313 660 3364 arl
670 3315 789 3378 Scyrum,
797 3313 894 3362 cricutc
905 3309 967 3372 role,
979 3306 1107 3373 pervenit.
1126 3305 1286 3371 Expcrrcctc

228 3393 322 3443 Achilli
330 3401 415 3444 mater
425 3409 484 3444 auca
493 3401 578 3444 mctua
587 3392 698 3457 fatetur,
708 3401 818 3460 cratque
830 3393 911 3450 illum,
922 3389 1019 3440 uirilem
1030 3386 1142 3438 aui-um
1154 3387 1285 3451 paululum

229 3473 383 3536 ammittat,
399 3482 428 3523 et
444 3474 477 3539 acl
497 3475 577 3525 hrcrc
592 3481 695 3539 tcmpua
704 3475 857 3525 muliebrem
873 3470 990 3522 habitum
1000 3473 1101 3518 currat:
1119 3480 1169 3517 ucu
1180 3467 1218 3518 illl
1229 3466 1286 3518 iure

230 3551 364 3603 derlceuri:
380 3554 530 3617 Herculem,
544 3555 685 3612 Bacchum,
697 3562 725 3604 et
740 3555 824 3619 iprum
833 3553 926 3606 Jurcm
937 3549 1070 3601 immineat
1080 3555 1167 3597 vertet
1179 3559 1231 3596 ucu
1241 3547 1287 3599 tic·

230 3631 359 3695 rliguatcu.
391 3632 505 3683 Achillea
526 3633 602 3682 nullia
623 3633 712 3684 mutrir
734 3633 854 3697 precibuu
876 3629 1001 3682 flectitur.
1034 3629 1132 3679 Verum
1153 3627 1286 3691 inopinato

229 3727 293 3761 caru
314 3712 370 3776 ejua
386 3713 486 3761 animur
503 3711 600 3761 lractua
619 3720 668 3762 cut.
701 3711 781 3762 Forte
797 3711 880 3775 Scyrii
896 3712 964 3761 diem
981 3709 1076 3762 iculum
1097 3709 1233 3770 Minerva,
1245 3709 1288 3758 cul

228 3792 354 3856 templum
364 3792 392 3841 iu
401 3792 490 3840 littore
500 3799 617 3842 erectum
628 3797 693 3853 erat,
708 3791 830 3854 agebant,
841 3797 870 3838 et
886 3789 948 3837 lilim
966 3789 1116 3851 Lycomedis
1130 3789 1206 3840 dumo
1218 3787 1287 3838 caie-

227 3881 298 3933 ruut‚
309 3877 339 3921 ut
357 3871 425 3920 veria
443 3871 569 3934 primitiae
584 3872 652 3921 Dec
668 3869 801 3930 offerrent,
821 3881 957 3932 comaeque
972 3869 1028 3930 ejur
1040 3869 1115 3918 tertia
1125 3876 1289 3920 curcuarcut.

226 3950 342 4003 'i'urham
354 3949 469 4001 ‹lucchrt
479 3950 628 4008 Deidamia.
639 3949 710 4014 cujur
722 3957 751 4000 ut
762 3948 881 4000 eximiam
896 3945 1111 4010 pulchritudinem
1122 3947 1238 4000 Achillea
1254 3951 1291 3999 vi·

227 4034 284 4095 dut,
295 4031 353 4096 ejur
370 4045 459 4082 amcrc
478 4032 565 4082 atrtim
580 4032 727 4096 corripitur.
762 4025 1058 4089 Auimutlrcrlit'l'hmiu,
1069 4031 1097 4075 et
1106 4025 1199 4078 hlaude
1211 4030 1290 4079 iulcr·

230 4120 337 4176 rugatur
354 4109 432 4175 tilica,
447 4125 480 4160 uu
496 4111 566 4160 iuter
582 4121 635 4160 tam
651 4111 770 4176 pulchrae
788 4107 898 4173 virginee
917 4106 1012 4168 elegere
1022 4104 1072 4168 ipri
1083 4106 1202 4156 acerbum
1213 4104 1291 4166 iuret,

230 4188 302 4244 letur
313 4190 429 4253 eruhuit,
440 4198 469 4241 et
480 4191 542 4242 uiuit
552 4205 580 4241 re
587 4199 666 4258 ,reate
677 4191 796 4243 lumiuea
807 4189 888 4242 indul.
920 4185 1007 4237 Thetin
1019 4185 1190 4250 Lycomedem
1201 4197 1293 4248 aggre-
