3000 4817
327 6 512 55 chium.
560 3 759 52 Geoort.

389 84 451 129 51
489 78 713 136 Hiserro
742 78 945 140 scopulo,
967 76 1072 138 ξω]
1106 76 1233 125 Hire
1253 91 1380 125 vera

324 156 486 204 lectio
510 161 588 202 est
605 160 810 203 servata
825 153 877 200 in
898 153 1000 201 Ms.
1024 153 1166 201 Flor.
1182 160 1236 202 et
1254 153 1380 201 edit.

328 230 812 291 Romveuetaque,
833 236 889 275 et
911 228 976 276 ab
991 228 1056 277 A.
1072 229 1138 276 V.
1158 230 1243 277 Fr.
1264 228 1380 276 Lin-

327 304 612 367 denbrogio
644 302 696 351 in
720 309 922 352 textum
945 307 1169 351 assumta
1196 303 1380 351 merito

328 394 443 439 suo,
482 392 632 442 quem
684 378 802 425 vide
846 378 911 425 ad
948 379 1107 428 Herc.
1145 378 1382 427 Surrent-

327 454 444 503 ubi:
499 454 613 501 ‘his
663 453 867 502 caedere
908 452 1060 501 silvas
1105 459 1162 501 et
1201 452 1380 500 levare

324 526 540 578 trabes!
560 527 777 576 Gronov.
794 527 846 575 iss
873 527 1040 576 θέσιν.

394 606 460 651 56
493 601 563 649 Ee
576 601 936 665 Athone-avare]
959 601 1159 650 Alludit
1176 600 1240 649 ad
1255 615 1382 663 ope-

330 691 417 726 ras
436 676 646 737 Xerxis,
670 676 854 740 quibus
875 690 1020 725 mous
1045 676 1208 725 Athos
1229 690 1382 725 exca-

330 759 479 800 vatus
519 759 602 800 est
644 759 698 800 et
733 750 980 800 discissus
1014 766 1045 800 a
1077 751 1382 801 continenti.

331 827 494 877 Plura
537 825 674 889 apud
714 824 1021 875 Juvenalem
1064 825 1284 874 diximus
1317 839 1383 875 ex

335 900 609 951 Herodoto
633 908 686 949 et
708 900 897 948 Plinio.
935 900 1190 948 Domitius.

395 981 461 1026 69
492 976 591 1025 His
609 990 783 1039 porrus
814 974 1044 1039 (Lea-hie,
1072 973 1179 1037 qm]
1215 974 1385 1024 Quan-

332 1060 442 1101 tum
465 1058 546 1100 eat
567 1049 904 1111 eruditorum,
926 1053 1052 1099 mire
1086 1064 1141 1097 se
1162 1049 1312 1098 torsit
1332 1049 1385 1096 iu

331 1128 428 1175 boc
450 1126 582 1175 loco.
617 1124 680 1173 Iu
704 1125 965 1174 vetustiss.
981 1124 1267 1184 codicibus,
1282 1130 1386 1172 tra·

325 1203 477 1265 jecto
497 1202 568 1261 ·ιτῖ
599 1201 714 1263 nisi,
741 1201 1046 1262 legebatur:
1083 1199 1185 1247 His
1211 1213 1389 1260 parens

329 1276 451 1340 (nisi
483 1274 629 1325 deria
663 1273 914 1338 vetarent.)
977 1274 1129 1324 Unde
1171 1274 1386 1336 primum

334 1351 593 1401 Domitius
614 1350 887 1414 legendum
907 1350 1039 1398 dixit
1060 1367 1073 1399 ε
1091 1351 1185 1398 nisi
1201 1349 1388 1398 Leclss'oe

331 1433 562 1477 vetarent.
629 1426 731 1476 Sed
755 1426 1059 1486 Politianus,
1089 1431 1146 1474 et
1172 1424 1387 1473 Hermo·

331 1503 444 1551 laus
486 1501 551 1551 ad
593 1503 729 1551 Plin.
767 1501 858 1550 lib.
900 1514 975 1549 tv.
1010 1514 1125 1563 cap.
1161 1504 1211 1549 4.
1249 1499 1388 1546 nullo

335 1577 487 1627 modo
522 1577 734 1626 tolerari
773 1589 925 1636 posse
956 1574 1101 1621 aiunt
1132 1574 1260 1622 lianc
1285 1574 1385 1621 lec·

333 1653 533 1701 tionem
565 1663 627 1697 eo
656 1646 792 1711 quod
826 1646 1111 1710 penultima
1148 1647 1295 1709 longa
1333 1653 1390 1696 et

333 1723 752 1788 antepenultima
786 1721 961 1771 brevis
1000 1722 1053 1769 iu
1085 1722 1268 1770 Leelsiae
1308 1735 1388 1770 re·

336 1804 592 1864 pugnent.
659 1797 810 1846 Unde
849 1796 956 1860 ipse
982 1797 1115 1846 Stat.
1136 1797 1299 1846 Theb.
1323 1809 1387 1844 n.

335 1880 352 1907 ⁶
373 1877 547 1926 Curva
588 1874 900 1922 Palaemonio
933 1872 1217 1922 secluditur
1251 1870 1389 1922 unda

336 1949 593 2000 Lecbaeo.’
659 1947 933 1997 Existimat
950 1961 1072 2010 ergo
1086 1946 1388 1996 Hermolaus

336 2025 500 2090 magis
525 2022 1118 2085 ferendumflilegatur:
1152 2020 1250 2070 nisi
1268 2021 1388 2069 Cen·

333 2101 487 2149 she-ea
517 2101 747 2150 vetarent.
812 2094 1079 2147 Quomodo
1118 2095 1275 2143 etiam
1310 2094 1388 2142 le·

336 2174 560 2235 gendum
586 2171 751 2221 videri
777 2170 1050 2218 adnotarat
1073 2168 1126 2217 in
1149 2166 1261 2218 cod.
1295 2183 1387 2216 suo

337 2249 451 2299 dos.
496 2247 745 2310 Scaliger.
811 2243 914 2293 Sed
948 2257 1014 2291 ne
1053 2243 1146 2292 hoc
1177 2242 1388 2307 quidem

338 2324 527 2386 probat
551 2320 876 2380 Hermolaus,
900 2318 1164 2367 videretur
1185 2318 1319 2367 enim
1343 2319 1386 2367 si

340 2403 641 2449 alterutrum
662 2411 760 2461 pro
787 2396 959 2446 Dem’oe
977 2402 1271 2458 poneretur,
1291 2395 1390 2444 hoc

340 2476 515 2524 dicere
570 2473 771 2523 Poeta:
847 2473 862 2499 ‘
889 2468 1197 2534 perfodisset
1250 2471 1392 2520 Nero

338 2551 614 2613 Isthmum,
646 2550 744 2598 nisi
768 2549 992 2598 Isthmus
1016 2545 1395 2609 prohibuisset,’

339 2627 476 2691 quod
500 2632 580 2675 est
609 2639 669 2674 ac
702 2625 746 2673 si
785 2624 984 2673 diceret
1004 2623 1141 2686 quis,
1175 2623 1190 2647 ⁸
1213 2627 1393 2682 tauge-

339 2718 450 2752 rem
489 2716 642 2751 manu
681 2702 886 2760 eoelum,
918 2699 1012 2763 uisi
1047 2698 1230 2747 coelum
1254 2704 1394 2745 vota·

343 2776 482 2827 ret?
528 2776 664 2840 quod
724 2774 996 2823 absurdum
1040 2777 1141 2821 est.
1219 2771 1393 2821 Quare

342 2850 507 2899 Marc.
542 2849 784 2897 Musurus
817 2846 868 2893 in
892 2844 1283 2908 orthographia
1304 2858 1395 2892 sua

339 2924 578 2975 Statiana
619 2922 879 2972 existimat
927 2920 1141 2969 Poetam
1181 2928 1395 2981 tangere

346 3014 546 3061 causas,
568 3005 783 3061 propter
804 3010 930 3059 quas
954 2996 1095 3044 Nero
1116 3009 1144 3042 a
1169 2991 1395 3055 perfodi-

342 3075 477 3124 endo
490 3073 686 3122 Isthmo
705 3070 928 3130 destitit,
947 3084 1059 3132 quae
1079 3068 1199 3116 ‹luae
1218 3073 1396 3127 erant3

343 3152 524 3208 altera,
533 3161 598 3196 ne
616 3147 1032 3207 submergeretur
1045 3142 1245 3205 AEgiua,
1260 3140 1394 3205 quod

344 3229 627 3286 geometras
672 3219 1018 3280 minabantur,
1055 3219 1219 3267 altera
1262 3216 1398 3279 quod

341 3298 552 3346 Vindex
577 3311 658 3345 res
679 3310 836 3344 novas
872 3296 923 3343 in
959 3294 1208 3357 Hispania
1228 3306 1398 3341 move-

341 3373 455 3433 bat,
491 3376 546 3419 et
578 3370 690 3432 jam
732 3369 902 3419 Italiae
939 3367 1400 3433 appropinquabat.

341 3441 499 3497 Unde
522 3445 798 3496 secundum
827 3447 954 3493 hauc
977 3446 1237 3503 historiam
1261 3444 1399 3507 lege·

342 3522 471 3589 bat:
497 3520 598 3572 Hi·
628 3535 800 3584 parvm
828 3519 947 3583 (nisi
980 3535 1056 3567 res
1089 3523 1399 3568 novaretur-

328 3599 468 3658 Δσιε,
499 3596 582 3658 ξε.
663 3595 852 3645 Genus
909 3607 1028 3645 vero
1076 3593 1395 3657 Rhodiginus

1453 10 1556 53 tam
1600 3 1871 51 lectionem
1898 4 2045 50 devise
2081 4 2289 63 retinet,
2324 7 2499 67 aitque

1451 92 1567 127 cum
1608 78 1906 126 Demetrius
1943 78 2190 126 Isthmum
2228 79 2503 140 perfodere

1454 152 1629 214 vellet,
1647 151 1713 199 ab
1730 150 2045 200 Architectis
2062 165 2178 200 eum
2195 152 2501 203 deterritum

1455 227 1541 290 qui
1585 225 1829 275 dicebant
1868 226 2184 288 navigationi
2227 242 2327 276 nou
2362 228 2504 280 sutu-

1454 314 1567 350 rum
1590 302 1790 351 alveum'
1813 300 2057 361 habilem,
2091 301 2157 349 ob
2180 299 2397 351 affluxus
2421 318 2502 352 ra·

1455 376 1624 440 pidem
1667 377 1991 436 varietatem,
2022 375 2184 439 qualis
2216 376 2269 423 iu
2309 377 2506 440 Euripo

1456 450 1654 501 visitur.
1719 450 1838 500 Per*
1860 449 2023 499 devius
2053 452 2227 513 itaque
2250 449 2508 513 iutellige-

1454 525 1545 574 bat
1575 529 1591 554 ⁴
1610 524 1887 588 ambages:
1918 524 2101 589 quibus
2136 532 2303 573 nautae
2328 540 2506 591 ueces-

1455 600 1592 649 sario
1632 601 1908 663 circumagi
1942 600 2242 649 debuissent
2273 602 2338 649 ad
2373 601 2509 665 rapi-

1456 675 1575 724 dum
1616 676 1756 724 illum
1792 676 1943 725 maris
1983 673 2177 724 fluxum
2221 676 2509 724 vitandum·

1457 753 1732 814 Caeterum,
1781 766 2026 816 nusquam
2083 766 2167 799 me
2209 752 2369 801 devios
2413 766 2510 815 pro

1461 826 1817 889 ‘ambagibus'
1873 827 2057 889 legisse
2101 827 2328 889 memini,
2367 828 2505 891 quod

1457 902 1613 950 etiam
1636 903 1853 950 movisse
1869 900 2125 950 Alciatum
2144 901 2398 960 existimo,
2421 904 2510 967 qni

1458 976 1547 1025 lib.
1573 988 1626 1024 ν.
1650 991 1764 1039 cap.
1798 981 1884 1025 22.
1904 973 2389 1039 vapcpy.'1egendunn
2416 989 2508 1039 pu-

1459 1056 1573 1099 tatz
1606 1050 1707 1098 His
1736 1065 1909 1113 porcus
1938 1049 2059 1114 (nisi
2080 1050 2233 1099 Delioe
2252 1048 2509 1114 vetarent.)

1459 1133 1515 1174 et
1548 1139 1641 1189 per
1670 1126 1837 1175 Delius
1873 1125 2113 1187 iutelligit
2150 1127 2166 1154 ⁴
2193 1125 2367 1173 Delius
2399 1138 2508 1173 sor-

1461 1203 1539 1249 tes
1552 1200 1566 1223 ’
1595 1216 1688 1250 seu
1710 1199 1961 1264 Apollinis
1980 1202 2373 1264 oraculum,quo
2392 1213 2510 1263 per·

1460 1275 1567 1326 fodi
1589 1278 1838 1327 Isthmum
1862 1279 2077 1327 vetitum
2099 1276 2220 1338 fuit,
2243 1283 2376 1327 teste
2400 1276 2508 1326 He-

1461 1352 1658 1402 rodoto.
1720 1351 1823 1401 Sed
1863 1351 1990 1400 illud
2025 1353 2202 1414 Delie,
2239 1351 2388 1399 nimis
2421 1351 2512 1401 ob·

1461 1440 1630 1490 scure,
1651 1428 1974 1477 substantivo
2008 1442 2101 1477 sno
2135 1428 2394 1476 viduatum
2425 1440 2514 1489 po·

1462 1501 1619 1551 nitur.
1673 1504 1845 1551 Quare
1888 1500 2118 1548 'I'uruebi
2158 1502 2509 1561 conjecturam

1463 1575 1636 1638 potius
1659 1575 2021 1636 amplecterer,
2043 1574 2129 1636 qui
2153 1573 2509 1623 rescribebat:

1466 1650 1562 1699 His
1578 1662 1768 1711 parvus,
1788 1647 1905 1711 (nisi
1926 1646 2099 1695 Delius
2116 1647 2336 1709 ceter-et.)
2379 1649 2509 1699 Quis

1462 1733 1580 1789 post
1602 1731 1680 1774 tot
1703 1738 1764 1773 ac
1803 1730 1974 1772 tantos
2009 1722 2142 1770 viros
2157 1731 2165 1743 ¹
2180 1721 2337 1770 ullum
2360 1725 2509 1771 novin

1461 1798 1806 1850 emendationi
1852 1805 1940 1846 aut
1976 1796 2392 1859 interpretationi
2435 1799 2510 1848 lo·

1461 1890 1577 1926 cnm
1614 1888 1879 1938 superesse
1904 1873 2084 1936 putet?
2154 1872 2409 1921 Existimo
2433 1878 2512 1922 ta·

1460 1966 1599 2013 men,
1620 1952 1662 2000 si
1684 1958 1866 2000 contra
1888 1947 2102 1998 Domitii
2118 1949 2431 1996 sententiam
2452 1947 2513 1996 τὸ

1459 2030 1555 2077 nisi
1577 2027 1842 2092 rejiciatur
1860 2035 1976 2088 post
1991 2023 2048 2072 τὸ
2059 2023 2248 2072 Lechioe
2262 2029 2320 2072 ut
2337 2024 2389 2072 iu
2402 2025 2514 2087 qui·

1460 2100 1673 2150 busdam
1692 2100 1913 2163 vulgatis
1940 2099 2149 2162 legitur,
2174 2097 2341 2146 locum
2368 2104 2513 2147 recte

1460 2177 1771 2239 habiturum,
1810 2178 1904 2225 hoc
1956 2175 2143 2224 modo:
2197 2173 2292 2224 His
2341 2188 2516 2238 porrus

1460 2251 1677 2314 (Lechiae
1696 2251 1790 2299 nisi
1821 2249 2060 2315 vetarent)
2094 2250 2382 2309 Inousfreto
2403 2251 2517 2299 mis·

1461 2324 1632 2374 essisset
1655 2324 1875 2372 Isthmos.
1930 2325 2119 2372 Sensus
2144 2333 2255 2373 este
2294 2324 2516 2375 Isthmos

1463 2401 1543 2449 his
1582 2407 1661 2450 tot
1695 2397 1984 2447 homiuibus
2024 2397 2375 2447 laborantibus
2398 2412 2517 2461 par-

1466 2490 1578 2538 vus,
1598 2481 1655 2523 et
1676 2471 1828 2522 facile
1851 2470 2173 2534 superabilis,
2192 2468 2375 2519 fuisset
2402 2485 2517 2533 per·

1464 2550 1651 2613 fossus,
1668 2548 1765 2598 uisi
1786 2548 2055 2597 obstarent
2076 2544 2293 2593 Lechioe.
2359 2546 2430 2594 Et
2450 2544 2517 2594 ad

1466 2626 1802 2677 difficultates
1824 2638 1949 2687 quas
1976 2621 2282 2671 Hermolaus
2314 2627 2369 2670 et
2401 2622 2520 2671 Mu·

1465 2717 1614 2752 surus
1664 2699 1965 2760 movebant,
2018 2694 2171 2745 facile
2217 2694 2518 2757 responderi

1469 2783 1660 2842 potest.
1729 2776 1925 2825 Notum
1962 2778 2044 2821 est
2071 2773 2087 2800 ⁶
2107 2770 2432 2831 Cenehoeas:
2465 2776 2521 2819 et

1470 2854 1486 2880 ‘
1510 2849 1773 2911 Locha&
1826 2862 1937 2898 esse
1996 2846 2099 2895 duo
2150 2845 2522 2911 promontoria,

1470 2941 1585 2990 quoe
1605 2925 1880 2975 terminant
1898 2927 2173 2984 utrumque
2183 2921 2319 2969 latus
2336 2918 2526 2968 Isthmi

1473 3003 1800 3055 Corinthiaci.
1871 3001 1991 3052 Jam
2018 3013 2208 3059 vero,a
2249 2996 2521 3047 ‘Lechiae’

1474 3077 1749 3128 deducitur
1797 3077 2094 3136 ιῙιεεεῑιιηιιι,
2129 3089 2179 3137 a,
2219 3072 2342 3134 um,’
2389 3080 2445 3122 ut
2492 3086 2525 3120 ι

1470 3153 1814 3210 ‘Ceuclum-‚⁹
1846 3155 1861 3181 ‘
1880 3148 2229 3201 Cenem-usus?
2278 3147 2415 3197 Hinc
2432 3147 2524 3195 mi·

1474 3242 1585 3277 rum
1610 3242 1711 3276 non
1746 3234 1844 3289 est,
1873 3227 1913 3275 si
1948 3226 2000 3275 in
2036 3226 2221 3274 Iaechioe
2242 3223 2525 3286 penultima

1473 3302 1541 3351 sit
1591 3305 1848 3364 correpta,
1905 3300 1957 3347 in
2007 3299 2023 3327 ‘
2046 3297 2296 3349 Lechoeo’
2352 3304 2523 3345 nutem

1472 3376 1743 3441 producta.
1809 3374 1944 3425 Nam
1979 3374 2079 3422 boc
2102 3374 2235 3422 ratio
2258 3371 2528 3421 deductio·

1472 3454 1552 3502 nis
1592 3452 1836 3516 postulat.
1901 3447 1985 3496 Ad
2010 3447 2299 3499 ‘secundam
2324 3444 2534 3495 Musut‘r

1473 3526 1817 3589 objectionem
1856 3520 2132 3572 dicendum
2163 3514 2304 3586 εις·
2323 3517 2531 3568 Βοοὶιωα

1474 3599 1588 3653 um’
1620 3612 1724 3653 nou
1759 3606 1873 3645 esse
1906 3592 2207 3662 idemqund
2242 3585 2535 3646 ‘Isthmon'
